1679 2553
187 201 236 237 22
732 214 836 249 LIVY,
870 214 947 240 XXI.

186 303 314 351 magis
340 315 460 351 quam
491 304 638 340 bellum
670 308 849 340 metuens
882 308 1055 341 oratores
1091 304 1141 340 ad
1177 305 1332 353 regulos
1368 317 1502 343 eorum

186 364 294 400 misit
311 377 318 400 :
347 364 524 412 conloqui
543 369 666 401 semet
684 365 812 413 ipsum
832 377 852 400 c
866 378 920 401 im
940 365 988 401 iis
999 365 1110 412 velle,
1130 369 1171 402 et
1189 365 1251 402 vel
1268 366 1326 401 illi
1346 366 1505 415 propius

186 424 384 461 Iliberrim
415 426 654 472 accederent,
682 426 743 462 vel
763 439 801 462 se
835 426 1099 462 Ruscinonem
1131 439 1414 475 processurum,
1452 431 1499 463 ut

185 497 232 522 ex
264 487 481 535 propinquo
510 500 734 535 congressus
762 487 913 523 facilior
941 492 1040 524 esset
1053 501 1063 534 3
1119 489 1156 525 4.
1184 501 1279 524 nam
1307 492 1346 524 et
1374 500 1504 538 accep-

184 550 321 583 turum
348 560 411 584 eos
429 548 471 584 in
490 552 619 585 castra
639 561 710 585 sua
729 562 768 586 se
792 549 954 596 laetum,
974 562 1045 586 nec
1063 553 1298 586 cunctanter
1317 561 1358 586 se
1375 549 1505 598 ipsum

185 608 235 643 ad
267 620 329 644 eos
359 614 581 646 venturum.
640 610 848 659 Hospitem
878 611 982 646 enim
1001 623 1041 648 se
1061 611 1212 647 Galliae
1245 623 1324 647 non
1351 610 1502 647 hostem

184 669 396 715 advenisse,
416 683 487 706 nec
505 672 733 708 stricturum
755 675 848 708 ante
875 671 1060 719 gladium,
1082 673 1113 708 si
1132 685 1203 720 per
1222 671 1356 708 Gallos
1374 672 1502 719 liceat,

184 742 303 779 quam
322 731 363 767 in
383 731 546 768 Italiam
565 732 743 769 venisset.
800 733 834 769 5.
865 733 918 768 Et
938 745 1007 781 per
1026 734 1190 770 nuntios
1204 733 1360 781 quidem
1381 733 1477 770 haec
1492 747 1504 780 3

183 795 230 827 ut
247 805 338 829 vero
357 793 482 842 reguli
501 792 704 829 Gallorum
724 793 862 829 castris
881 794 931 830 ad
951 794 1151 831 Iliberrim
1171 794 1367 842 extemplo
1387 795 1503 831 motis

183 852 289 889 haud
321 858 486 902 gravate
518 855 568 891 acl
598 856 773 891 Poenum
805 860 1011 902 venerunt,
1032 857 1137 905 capti
1156 855 1266 891 donis
1284 868 1373 891 cum
1401 856 1502 892 bona

182 927 275 963 pace
294 916 508 952 exercitum
527 928 596 965 per
627 917 717 952 finis
735 929 824 953 suos
842 921 1000 966 praeter
1021 917 1285 954 Ruscinonem
1316 917 1503 965 oppidum

180 977 496 1014 transmiserunt.

233 1094 352 1132 XXV.
393 1097 445 1133 In
481 1097 645 1133 Italiam
677 1098 838 1134 interim
870 1097 970 1134 nihil
1006 1097 1114 1134 ultra
1151 1111 1270 1147 quam
1308 1099 1503 1136 Hiberum

181 1158 366 1194 transisse
399 1158 671 1194 Hannibalem
690 1171 714 1195 a
738 1159 1044 1195 Massiliensium
1063 1159 1205 1208 legatis
1232 1160 1289 1197 Re
1299 1173 1400 1196 mam
1418 1173 1505 1209 per-

179 1218 306 1254 latum
326 1223 423 1264 erat,
480 1220 514 1256 2.
544 1232 645 1265 cum,
666 1219 825 1267 perinde
845 1232 889 1255 ac
908 1220 939 1255 si
959 1220 1075 1269 Alpis
1094 1221 1173 1257 iam
1192 1222 1409 1267 transisset,
1430 1223 1502 1258 Boi

180 1279 395 1316 sollicitatis
410 1281 643 1316 Insubribus
662 1280 899 1326 defecerunt,
915 1293 986 1317 nec
1005 1286 1090 1317 tam
1108 1282 1156 1318 ob
1169 1286 1318 1319 veteres
1330 1283 1371 1319 in
1384 1296 1503 1332 popu-

179 1340 262 1376 lum
281 1341 507 1378 Romanum
524 1343 614 1388 iras,
634 1355 754 1390 quam
773 1342 875 1390 quod
894 1355 1020 1391 nuper
1047 1343 1149 1379 circa
1169 1343 1321 1380 Padum
1342 1344 1500 1381 Placen-

179 1402 279 1439 tiam
309 1403 617 1452 Cremonamque
649 1403 816 1440 colonias
847 1404 889 1439 in
921 1416 1062 1452 agrum
1091 1404 1286 1441 Gallicum
1316 1405 1503 1442 deductas

179 1476 295 1513 aegre
331 1465 597 1513 patiebantur.
669 1466 703 1502 3.
734 1466 876 1514 Itaque
912 1466 1033 1501 armis
1068 1471 1230 1514 repente
1258 1467 1426 1515 arreptis
1456 1467 1499 1503 in

178 1537 269 1561 eum
323 1526 451 1574 ipsum
507 1539 648 1574 agrum
692 1526 844 1575 impetu
889 1525 996 1563 facto
1040 1530 1203 1563 tantum
1249 1527 1411 1563 terroris
1455 1540 1503 1564 ac

177 1587 374 1623 tumultus
391 1587 582 1633 fecerunt,
602 1591 648 1623 ut
677 1600 756 1624 non
775 1588 940 1636 agrestis
972 1588 1086 1624 modo
1106 1588 1322 1624 multitudo
1340 1590 1406 1625 sed
1424 1589 1499 1639 ipsi

177 1648 376 1684 triumviri
408 1649 589 1694 Romani,
620 1649 687 1696 qui
717 1648 766 1684 acl
797 1661 937 1697 agrum
968 1652 1161 1685 venerant
1197 1649 1498 1698 adsignandum,

177 1708 289 1745 diffisi
303 1709 529 1746 Placentiae
541 1711 742 1746 moenibus
757 1710 960 1746 Mutinam
972 1710 1234 1759 confugerint,
1252 1711 1291 1748 G.
1311 1711 1499 1748 Lutatius

178 1769 220 1807 O.
252 1770 438 1807 Servilius
469 1771 525 1807 M.
555 1771 724 1807 Annius.
782 1772 816 1807 4.
849 1771 987 1808 Lutati
1015 1784 1157 1807 nomen
1194 1772 1302 1808 haud
1332 1772 1494 1809 dubium

176 1834 258 1875 est3
291 1844 361 1880 pro
392 1833 525 1868 Annio
559 1832 799 1881 Servilioque
833 1832 1065 1869 M’Acilium
1097 1837 1137 1870 et
1170 1833 1210 1871 O.
1247 1834 1494 1871 Herennium

175 1891 324 1929 habent
356 1894 516 1942 quidam
548 1894 721 1940 annales,
756 1894 823 1929 alii
857 1895 899 1930 P.
933 1895 1157 1931 Cornelium
1190 1895 1354 1931 Asinam
1384 1900 1424 1931 et
1453 1895 1492 1932 O.

176 1952 379 2002 Papirium
399 1954 614 1992 Masonem.
671 1956 705 1993 5.
763 1955 813 1992 Id
832 1968 985 2004 quoque
1004 1956 1201 1992 incertum
1216 1960 1286 2003 est,
1307 1957 1429 2005 legati
1447 1956 1496 1992 acl

175 2016 499 2064 expostulandum
518 2017 624 2053 missi
643 2017 693 2053 acl
723 2017 836 2053 Boios
855 2017 992 2053 violati
1019 2018 1110 2062 sint,
1132 2031 1185 2053 an
1203 2018 1246 2053 in
1270 2018 1498 2053 triumviros

173 2088 313 2124 agrum
351 2078 537 2114 metantis
573 2080 743 2127 impetus
790 2079 840 2115 sit
885 2079 1024 2115 factus.
1096 2080 1129 2117 6.
1175 2079 1359 2115 Mutinae
1404 2091 1494 2115 cum

173 2138 453 2185 obsiderentur,
491 2143 531 2175 et
568 2152 662 2187 gens
698 2140 746 2176 ad
783 2140 1138 2189 oppugnandarum
1185 2140 1343 2176 urbium
1388 2143 1494 2175 artes

173 2199 291 2245 rudis,
319 2200 529 2249 pigerrima
559 2201 695 2237 eadem
728 2201 777 2237 ad
810 2202 999 2238 militaria
1028 2215 1158 2251 opera,
1178 2202 1305 2250 segnis
1333 2200 1497 2237 intactis

173 2259 365 2297 adsideret
383 2262 518 2307 muris,
546 2262 722 2298 simulari
752 2267 932 2311 coeptum
951 2263 997 2299 de
1017 2275 1109 2312 pace
1137 2263 1214 2311 agi,
1270 2263 1304 2300 7.
1325 2261 1490 2298 evocati-

176 2332 250 2370 que
283 2323 333 2358 ab
363 2323 567 2359 Gallorum
604 2324 846 2373 principibus
882 2325 1004 2373 legati
1040 2324 1091 2360 ad
1128 2323 1376 2372 conloquium
1412 2335 1495 2359 non

175 2386 311 2418 contra
331 2384 391 2418 ius
409 2384 518 2420 modo
537 2386 714 2429 gentium
732 2386 798 2422 sed
816 2386 963 2422 violata
990 2386 1122 2432 etiam,
1143 2397 1242 2434 quae
1261 2384 1355 2420 data
1373 2384 1415 2420 in
1442 2383 1485 2421 id
