1679 2553
666 200 731 227 cn.
761 200 1022 227 xxa—XXIV.
1458 191 1504 229 21

186 299 302 339 esset,
331 295 504 342 agitaret
536 293 680 337 animo,
699 296 917 341 temperare
935 292 1055 328 oculis
1073 291 1291 340 nequivisse
1302 305 1312 338 3
1361 293 1396 328 8.
1416 295 1506 329 tum

188 354 328 391 vidisse
355 358 441 402 post
460 366 540 390 sese
558 357 778 403 serpentem
807 354 907 390 mira
936 354 1208 403 magnitudine
1236 366 1325 389 cum
1353 353 1508 402 ingenti

188 416 374 452 arborum
401 428 446 451 ac
464 415 725 464 virgultorum
753 418 885 463 strage
917 414 1013 451 ferri
1042 428 1088 451 ac
1118 418 1206 463 post
1236 414 1389 463 insequi
1418 426 1507 451 cum

187 475 344 525 fragore
371 477 464 512 caeli
509 477 696 512 nimbum.
775 476 808 512 9.
838 476 950 521 Tum,
983 488 1083 525 quae
1123 476 1242 511 moles
1279 488 1325 512 ea
1364 475 1506 524 quidve

189 538 353 587 prodigii
380 541 490 584 esset,
528 541 784 586 quaerentem
811 537 964 574 audisse
983 538 1213 574 vastitatem
1234 537 1379 573 Italiae
1399 549 1501 574 esse:

139 596 141 600 ’
186 602 366 648 pergeret
391 612 506 647 porro
531 599 588 635 ire
617 611 688 635 nec
717 599 826 635 ultra
857 599 1075 647 inquireret
1103 599 1326 646 sineretque
1345 597 1432 634 fata
1463 597 1505 634 in

181 660 335 697 occulto
360 672 452 697 esse.

237 777 388 817 XXIII.
418 780 506 816 Hoc
524 780 610 816 visu
628 779 754 816 laetus
772 779 974 827 tripertito
987 779 1182 815 Hiberum
1201 778 1330 827 copias
1347 778 1504 815 traiecit

184 841 412 889 praemissis,
433 841 500 890 qui
519 841 723 878 Gallorum
742 841 902 887 animos,
922 854 1000 889 qua
1028 840 1291 877 traducendus
1310 841 1504 877 exercitus

179 905 281 947 erat,
303 902 412 939 donis
439 903 690 938 conciliarent
709 902 950 951 Alpiumque
969 902 1163 938 transitus
1195 901 1502 950 specularentur,

183 963 416 1012 Nonaginta
435 964 542 1000 milia
562 964 748 1013 peditum,
765 964 965 1000 duodecim
985 963 1094 1000 milia
1113 963 1292 1013 equitum
1307 963 1503 999 Hiberum

182 1025 372 1063 traduxit.
432 1026 466 1061 2.
497 1025 686 1074 Ilergetes
714 1025 804 1061 inde
838 1025 1126 1074 Bargusiosque
1154 1028 1194 1061 et
1214 1025 1437 1060 Ausetanos
1464 1027 1503 1060 et

184 1085 449 1132 Lacetaniam,
470 1100 571 1135 quae
590 1087 765 1123 subiecta
785 1087 998 1135 Pyrenaeis
1025 1086 1224 1122 montibus
1243 1089 1312 1131 est,
1333 1085 1500 1133 subegit,

182 1160 351 1196 oraeque
383 1148 474 1184 huic
503 1148 609 1183 omni
638 1147 825 1197 praefecit
858 1147 1109 1192 Hannonem,
1143 1151 1189 1184 ut
1218 1146 1362 1192 fauces,
1398 1159 1499 1195 quae

183 1209 402 1258 Hispanias
430 1209 568 1246 Galliis
598 1210 770 1259 iungunt
799 1209 842 1246 in
873 1212 1068 1258 potestate
1096 1212 1234 1245 essent.
1292 1209 1326 1245 3.
1358 1209 1501 1244 Decem

182 1270 292 1307 milia
313 1270 491 1319 peditum
522 1270 713 1306 Hannoni
744 1270 793 1306 ad
813 1269 1048 1319 praesidium
1080 1269 1315 1306 obtinendae
1334 1269 1502 1318 regionis

181 1331 277 1368 data
296 1335 336 1367 et
355 1331 461 1367 mille
479 1332 638 1380 equites.
696 1332 732 1368 4.
762 1331 975 1380 Postquam
994 1343 1063 1380 per
1086 1330 1332 1378 Pyrenaeum
1352 1331 1499 1366 saltum

178 1393 337 1429 traduci
390 1393 585 1429 exercitus
628 1396 687 1429 est
732 1396 900 1441 coeptus,
947 1404 1157 1440 rumorque
1201 1404 1271 1440 per
1315 1392 1501 1428 barbaros

180 1454 360 1490 manavit
392 1454 533 1489 certior
551 1453 597 1490 de
616 1453 715 1489 bello
746 1453 934 1499 Romano,
957 1453 1034 1488 tria
1054 1453 1161 1489 milia
1193 1453 1281 1489 inde
1311 1453 1496 1502 Carpeta-

178 1527 320 1552 norum
339 1515 516 1564 peditum
548 1515 625 1550 iter
649 1518 891 1551 averterunt.
949 1514 1168 1550 Constabat
1187 1527 1265 1550 non
1284 1518 1369 1551 tam
1399 1514 1499 1551 bello

180 1580 305 1612 motos
337 1589 457 1624 quam
488 1576 777 1624 longinquitate
805 1576 891 1611 viae
922 1575 1305 1624 inexsuperabilique
1332 1575 1498 1624 Alpium

179 1638 364 1674 transitu.
439 1638 474 1673 5.
505 1637 720 1682 Hannibal,
741 1638 834 1686 quia
864 1649 1044 1674 revocare
1072 1640 1144 1673 aut
1173 1637 1213 1673 vi
1240 1637 1408 1673 retinere
1435 1648 1498 1673 eos

179 1711 322 1747 anceps
339 1701 438 1744 erat,
459 1710 508 1734 ne
526 1702 743 1735 ceterorum
768 1698 889 1734 etiam
910 1697 1055 1734 feroces
1082 1697 1205 1734 animi
1222 1698 1497 1745 inritarentur,

177 1772 299 1809 supra
326 1762 475 1808 septem
494 1760 603 1795 milia
631 1760 834 1796 hominum
863 1760 994 1796 domos
1018 1760 1179 1805 remisit,
1208 1771 1304 1808 quos
1329 1762 1370 1796 et
1396 1759 1499 1808 ipsos

180 1821 339 1870 gravari
370 1820 513 1857 militia
544 1825 731 1868 senserat,
751 1821 993 1870 Carpetanos
1023 1833 1175 1870 quoque
1195 1821 1246 1857 ab
1265 1833 1304 1857 se
1323 1820 1498 1856 dimissos

176 1882 377 1919 simulans.

231 1999 374 2038 XXIV.
404 2001 516 2047 Inde,
536 2013 585 2037 ne
618 2014 728 2037 mora
759 2005 880 2051 atque
912 2001 1038 2038 otium
1068 2000 1221 2037 animos
1253 2001 1493 2046 sollicitaret,

175 2074 266 2098 cum
284 2062 444 2111 reliquis
461 2063 579 2111 copiis
605 2062 850 2112 Pyrenaeum
870 2062 1162 2112 transgreditur
1181 2066 1220 2098 et
1241 2062 1290 2098 ad
1309 2061 1495 2111 oppidum

177 2124 336 2160 Iliberri
365 2126 495 2159 castra
527 2123 641 2160 locat.
697 2124 732 2160 2.
761 2123 878 2170 Galli,
898 2136 1140 2172 quamquam
1171 2123 1317 2159 Italiae
1348 2123 1494 2159 bellum

174 2185 315 2222 inferri
329 2184 556 2231 audiebant,
576 2187 723 2231 tamen,
743 2185 836 2233 quia
856 2184 894 2221 vi
920 2185 1101 2221 subactos
1119 2188 1229 2220 trans
1247 2183 1494 2232 Pyrenaeum

177 2247 377 2295 Hispanos
409 2245 518 2282 fama
558 2248 645 2282 erat
687 2245 959 2294 praesidiaque
998 2244 1129 2281 valida
1165 2245 1347 2293 inposita,
1384 2248 1492 2281 metu

173 2307 376 2345 servitutis
404 2307 452 2345 ad
486 2319 599 2343 arma
631 2307 884 2352 consternati,
905 2306 1171 2343 Ruscinonem
1190 2305 1341 2353 aliquot
1359 2304 1494 2354 populi

176 2369 425 2406 conveniunt.
484 2368 520 2405 3.
549 2368 660 2413 Quod
679 2368 747 2404 ubi
767 2367 989 2404 Hannibali
1006 2367 1237 2403 nuntiatum
1251 2369 1322 2413 est,
1341 2378 1491 2404 moram
