1679 2553
691 208 756 235 511.
786 208 995 234 Xan—xv,
1459 198 1509 236 13

180 305 308 347 turus,
346 300 388 338 in
417 313 494 350 quo
528 312 676 337 novum
712 298 896 348 oppidum
926 298 1149 336 aedificetis.
1208 298 1243 336 7.
1276 299 1434 336 Aurum
1466 303 1508 337 et

181 365 393 412 argentum
412 373 539 408 omne,
558 360 759 410 publicum
778 361 1068 409 privatumque,
1089 360 1139 397 ad
1154 371 1194 396 se
1208 360 1318 397 iubet
1337 359 1481 398 deferri
1496 375 1507 405 ;

181 436 343 472 corpora
375 427 520 469 vestra,
549 422 760 470 coniugum
793 434 839 458 ac
875 421 1088 458 liberorum
1117 425 1336 458 vestrorum
1374 425 1506 459 servat

180 485 383 531 inviolata,
396 484 429 521 si
447 484 616 520 inermes
630 495 718 519 cum
738 482 840 519 binis
859 483 1103 519 vestimentis
1115 482 1244 519 velitis
1262 483 1314 519 ab
1329 483 1507 532 Sagunto

181 545 299 583 exire.
355 546 390 582 8.
421 545 533 582 Haec
571 545 695 580 victor
726 543 850 580 hostis
885 543 1080 592 imperat3
1118 543 1226 590 haec,
1264 557 1505 594 quamquam

180 610 275 644 sunt
310 606 448 656 gravia
485 609 607 654 atque
643 604 795 650 acerba,
834 604 999 641 fortuna
1035 608 1168 641 vestra
1206 605 1315 642 vobis
1352 606 1502 643 suadet.

181 667 373 716 Equidem
392 667 498 703 haud
525 667 696 715 despero,
716 678 805 702 cum
833 665 1010 702 omnium
1039 670 1212 714 potestas
1240 667 1275 702 ei
1303 666 1411 703 facta
1439 668 1503 714 sit,

180 729 328 778 aliquid
363 741 412 766 ex
443 728 505 765 his
533 727 650 764 rebus
681 727 936 763 remissurum
951 740 962 773 3
991 727 1056 763 sed
1089 727 1149 763 vel
1187 727 1284 764 haec
1315 728 1504 777 patienda

179 802 314 826 censeo
333 790 475 839 potius,
496 801 617 838 quam
640 787 834 824 trucidari
854 800 1017 837 corpora
1036 792 1181 834 vestra,
1202 789 1291 837 rapi
1317 789 1504 839 trahique

179 855 274 887 ante
292 863 361 886 ora
380 853 512 887 vestra
531 849 712 898 coniuges
730 861 776 885 ac
795 848 937 885 liberos
955 848 1047 885 belli
1067 849 1150 885 iure
1170 848 1343 886 sinatis.''

231 966 338 1005 XIV.
367 967 433 1004 Ad
451 967 547 1005 haec
566 967 763 1004 audienda
781 979 871 1004 cum
899 967 1135 1004 circumfusa
1155 968 1349 1017 paulatim
1368 969 1502 1007 multi-

177 1029 315 1066 tudine
346 1029 585 1078 permixtum
610 1028 767 1065 senatui
794 1031 895 1065 esset
922 1029 1055 1077 populi
1084 1029 1301 1076 concilium,
1338 1035 1502 1079 repente

180 1090 366 1139 primores
401 1090 610 1126 secessione
645 1089 767 1135 facta,
801 1089 1030 1138 priusquam
1057 1103 1285 1138 responsum
1323 1091 1498 1139 daretur,

177 1155 388 1200 argentum
418 1163 637 1199 aurumque
666 1163 779 1188 omne
798 1163 847 1187 ex
875 1151 1028 1199 publico
1048 1152 1281 1200 privatoque
1299 1152 1341 1189 in
1368 1152 1497 1190 forum

177 1212 379 1249 conlatum
401 1212 444 1248 in
468 1212 600 1261 ignem
619 1212 669 1248 ad
696 1211 736 1248 id
757 1211 904 1260 raptim
932 1211 1084 1248 factum
1108 1213 1339 1250 conicientes
1366 1214 1500 1252 eodem

177 1273 351 1322 plerique
370 1276 493 1309 semet
511 1272 585 1321 ipsi
604 1272 974 1321 praecipitaverunt.
1035 1273 1067 1309 2.
1101 1273 1198 1309 Cum
1227 1286 1277 1310 ex
1304 1286 1348 1311 eo
1374 1288 1500 1325 pavor

176 1346 222 1370 ac
238 1333 449 1383 trepidatio
462 1337 590 1369 totam
605 1333 741 1369 urbem
757 1333 998 1382 pervasisset,
1016 1333 1116 1369 alius
1128 1334 1286 1383 insuper
1301 1336 1499 1374 tumultus

175 1408 224 1431 ex
252 1407 341 1431 arce
372 1394 545 1432 auditur.
602 1394 739 1430 Turris
770 1393 837 1430 diu
869 1397 1054 1442 quassata
1087 1395 1317 1443 prociderat,
1351 1408 1500 1446 perque

175 1456 333 1492 ruinam
369 1455 452 1491 eius
484 1455 618 1491 cohors
650 1455 871 1491 Poenorum
902 1455 1051 1503 impetu
1085 1455 1189 1491 facto
1221 1469 1309 1492 cum
1341 1457 1497 1506 signum

176 1515 406 1565 imperatori
425 1515 591 1553 dedisset
608 1515 803 1551 nudatam
822 1515 1060 1551 stationibus
1087 1516 1345 1565 custodiisque
1372 1518 1498 1555 solitis

176 1577 350 1613 hostium
386 1589 466 1613 esse
503 1576 654 1622 urbem,
691 1588 770 1612 non
806 1575 1071 1611 cunctandum
1107 1576 1149 1612 in
1188 1577 1263 1613 tali
1299 1579 1497 1616 occasione

175 1642 288 1675 ratus
326 1637 545 1683 Hannibal,
578 1638 673 1674 totis
704 1637 856 1673 viribus
893 1636 1097 1685 adgressus
1129 1638 1266 1674 urbem
1298 1644 1498 1677 momento

176 1699 289 1748 cepit,
309 1698 418 1747 signo
437 1698 530 1734 dato
548 1702 594 1734 ut
613 1710 746 1734 omnes
764 1698 928 1746 puberes
942 1697 1268 1735 interficerentur.
1322 1699 1356 1736 3.
1382 1700 1496 1744 Quod

174 1760 383 1809 imperium
419 1759 584 1806 crudele,
621 1763 795 1796 ceterum
832 1771 950 1808 prope
995 1760 1257 1796 neces<21rium
1293 1762 1494 1810 cognitum

175 1822 256 1870 ipso
276 1824 421 1858 eventu
450 1824 534 1858 est:
590 1821 627 1858 4.
656 1821 718 1857 cui
747 1821 852 1857 enim
872 1821 979 1870 parci
1008 1822 1138 1869 potuit
1158 1833 1205 1857 ex
1234 1821 1306 1867 his,
1326 1822 1394 1871 qui
1420 1827 1495 1859 aut

175 1882 315 1919 inclusi
333 1894 422 1918 cum
441 1882 669 1930 coniugibus
696 1894 742 1918 ac
759 1881 892 1918 liberis
911 1882 1041 1918 domos
1068 1895 1184 1930 super
1211 1895 1251 1918 se
1277 1883 1378 1931 ipsos
1406 1896 1495 1920 con-

175 1946 462 1988 cremaverunt,
481 1945 554 1979 aut
583 1943 730 1979 armati
747 1943 900 1979 nullum
928 1947 1022 1979 ante
1051 1944 1168 1979 finem
1188 1956 1344 1992 pugnae
1371 1956 1492 1992 quam

174 2005 384 2041 morientes
418 2003 626 2041 fecerunt?
698 2003 870 2052 Captum
907 2004 1091 2053 oppidum
1127 2008 1186 2041 est
1219 2017 1307 2042 cum
1338 2005 1492 2055 ingenti

173 2065 330 2114 praeda.

225 2182 307 2223 XV.
338 2185 583 2233 Quamquam
596 2183 781 2233 pleraque
795 2184 846 2220 ab
857 2183 1022 2220 dominis
1037 2184 1083 2221 de
1097 2184 1291 2221 industria
1305 2189 1491 2235 corrupta

171 2249 300 2292 erant,
319 2249 360 2282 et
378 2246 420 2282 in
439 2245 619 2282 caedibus
636 2245 703 2282 vix
721 2244 846 2281 ullum
865 2245 1071 2282 discrimen
1090 2246 1233 2281 aetatis
1250 2246 1308 2282 ira
1327 2245 1487 2291 fecerat,

173 2310 213 2342 et
231 2307 377 2356 captivi
397 2306 566 2343 militum
593 2305 739 2355 praeda
767 2305 938 2352 fuerant,
994 2307 1028 2342 2.
1058 2309 1194 2342 tamen
1222 2310 1263 2343 et
1288 2319 1336 2343 ex
1363 2307 1490 2356 pretio

171 2378 304 2404 rerum
331 2368 583 2404 venditarum
601 2367 851 2416 aliquantum
878 2366 1065 2416 pecuniae
1083 2366 1283 2404 redactum
1302 2379 1383 2405 esse
1399 2379 1489 2405 con-
