1679 2553
680 203 743 229 CH.
774 203 843 238 XL,
872 202 944 227 ΧΠ.
1423 186 1468 224 11

149 293 344 342 dispositis
394 307 526 331 muros
572 295 839 331 defensoribus
884 294 1083 340 nudasset,
1129 296 1216 329 tum
1266 291 1473 328 Hannibal

148 355 386 392 occasionem
406 360 521 392 ratus
550 356 788 405 quingentos
816 355 941 392 ferme
971 354 1092 391 Afros
1110 367 1199 391 cum
1229 353 1397 390 dolabris
1424 352 1475 388 ad

149 416 417 453 subruendum
454 417 505 453 ab
534 417 613 453 imo
649 429 807 452 murum
836 416 973 452 mittit.
1031 416 1066 452 8.
1096 415 1180 452 Nec
1207 418 1295 452 erat
1323 413 1476 450 difficile

150 489 258 525 opus,
284 477 386 526 quod
413 482 619 514 caementa
643 490 724 513 non
748 477 854 514 calce
881 477 1026 513 durata
1053 479 1181 522 erant,
1206 475 1271 512 sed
1295 475 1476 512 interlita

149 537 235 574 luto
262 541 490 575 structurae
521 538 713 586 antiquae
745 550 899 586 genere.
958 539 992 575 9.
1024 538 1168 585 Itaque
1193 536 1326 582 latius,
1354 546 1477 584 quam

151 611 231 648 qua
271 599 510 645 caederetur,
552 599 707 645 ruebat,
745 612 892 648 perque
937 599 1119 648 patentia
1156 598 1281 634 ruinis
1316 597 1479 646 agmina

151 663 396 696 armatorum
415 660 458 696 in
478 660 615 696 urbem
635 660 847 698 vadebant.
907 661 966 697 10.
989 661 1135 696 Locum
1155 671 1309 708 quoque
1327 658 1477 695 editum

152 721 339 769 capiunt3
366 721 609 770 conlatisque
628 734 671 758 eo
691 722 905 770 catapultis
932 721 1187 769 ballistisque,
1206 725 1254 756 ut
1272 719 1478 756 castellum

151 782 194 819 in
238 782 323 831 ipsa
359 782 456 819 urbe
493 783 606 819 velut
651 795 781 819 arcem
818 783 1078 819 inminentem
1123 782 1328 826 haberent,
1365 793 1480 816 muro

151 843 399 880 circumdant
413 856 424 890 3
452 847 493 880 et
525 843 738 892 Saguntini
770 856 930 880 murum
959 843 1187 879 interiorem
1219 843 1271 878 ab
1303 841 1478 878 nondum

152 908 271 953 capta
308 907 425 953 parte
462 905 572 940 urbis
608 905 773 941 ducunt.
851 905 910 941 11.
943 904 1158 953 Utrimque
1195 916 1352 939 summa
1372 902 1412 938 vi
1439 905 1480 937 et

153 965 341 1002 muniunt
359 970 400 1002 et
418 969 601 1014 pugnant
616 979 627 1012 3
661 965 726 1002 sed
744 966 935 1003 interiora
962 965 1110 1002 tuendo
1129 965 1321 1000 minorem
1340 964 1382 1000 in
1401 963 1485 999 dics

154 1027 292 1063 urbem
313 1026 525 1076 Saguntini
543 1027 708 1063 faciunt.
766 1027 827 1064 12.
859 1026 984 1064 Simul
998 1027 1136 1063 crescit
1153 1026 1286 1074 inopia
1304 1025 1481 1061 omnium

154 1086 273 1136 longa
292 1087 489 1124 obsidione
518 1091 558 1124 et
591 1088 786 1124 minuitur
817 1088 1035 1137 expectatio
1063 1092 1249 1124 externae
1277 1087 1370 1135 opis,
1390 1098 1481 1122 cum

155 1151 242 1184 tam
260 1148 394 1196 procul
414 1148 598 1194 Romani,
619 1149 735 1185 unica
754 1161 851 1198 spes,
872 1149 975 1185 circa
994 1149 1127 1184 omnia
1146 1148 1319 1184 hostium
1338 1150 1480 1183 essent.

159 1209 220 1245 13.
250 1208 456 1257 Paulisper
492 1213 628 1245 tamen
658 1210 833 1246 adfectos
864 1210 1017 1246 animos
1048 1209 1241 1245 recreavit
1274 1208 1484 1257 repentina

156 1268 346 1318 profectio
375 1269 618 1305 Hannibalis
653 1270 695 1306 in
724 1270 918 1307 Oretanos
945 1270 1278 1318 Ompetanosque,
1312 1269 1380 1318 qui
1407 1268 1487 1304 duo

157 1330 303 1379 populi,
342 1330 507 1366 dilectus
542 1330 760 1368 acerbitate
798 1331 1052 1375 consternati,
1090 1331 1256 1367 retentis
1291 1329 1483 1378 conquisi-

157 1391 311 1427 toribus
356 1394 507 1427 metum
562 1391 790 1428 defectionis
836 1405 925 1428 cum
970 1391 1255 1441 praebuissent,
1311 1390 1485 1439 oppressi

159 1452 361 1490 celeritate
389 1453 633 1489 Hannibalis
661 1454 878 1491 omiserunt
905 1457 1014 1491 mota
1040 1466 1166 1490 arma.

213 1570 306 1610 XII.
335 1573 421 1610 Nec
451 1573 621 1623 Sagunti
658 1573 898 1623 oppugnatio
935 1572 1090 1622 segnior
1125 1575 1213 1608 erat
1252 1570 1490 1608 Maharbale

161 1633 399 1670 Himilconis
434 1634 660 1671 filio—eum
696 1634 941 1683 praefecerat
979 1633 1298 1669 Hannibal—ita
1334 1632 1487 1680 inpigre

161 1706 246 1731 rem
266 1698 421 1743 agente,
441 1699 487 1731 ut
506 1695 641 1731 ducem
661 1695 794 1732 abesse
821 1707 892 1731 nec
911 1696 1014 1731 cives
1032 1706 1102 1731 nec
1121 1693 1252 1729 hostes
1279 1693 1485 1729 sentirent.

165 1755 202 1792 2.
232 1755 275 1791 Is
301 1759 342 1791 et
369 1756 516 1804 proelia
546 1756 699 1804 aliquot
729 1755 898 1792 secunda
928 1755 1032 1801 fecit,
1068 1758 1108 1792 et
1139 1754 1269 1790 tribus
1298 1753 1490 1790 arietibus

163 1816 416 1864 aliquantum
461 1816 566 1853 muri
609 1817 798 1862 discussit,
838 1820 1045 1865 strataque
1089 1815 1222 1851 omnia
1267 1814 1490 1851 recentibus

163 1877 290 1913 ruinis
308 1876 535 1913 advenienti
563 1877 787 1913 Hannibali
814 1877 995 1914 ostendit.
1054 1877 1088 1913 3.
1120 1876 1266 1924 Itaque
1284 1875 1335 1911 ad
1363 1875 1489 1922 ipsam

164 1950 294 1974 arcem
327 1938 522 1987 extemplo
555 1938 692 1974 ductos
721 1939 926 1984 exercitus,
957 1941 1150 1986 atroxque
1180 1936 1369 1986 proelium
1399 1948 1490 1972 cum

165 1998 381 2036 multorum
400 1999 600 2048 utrimque
617 1998 733 2035 caede
750 1999 908 2046 initum,
928 2003 968 2036 et
986 2012 1080 2048 pars
1098 1998 1199 2035 arcis
1217 2001 1334 2046 capta
1352 2000 1422 2034 est.

219 2060 431 2108 Temptata
451 2060 589 2097 deinde
607 2073 677 2109 per
696 2060 791 2096 duos
810 2064 868 2096 est
895 2061 1039 2109 exigua
1058 2060 1164 2108 pacis
1182 2071 1279 2108 spes,
1299 2058 1491 2094 Alconem

168 2120 436 2170 Saguntinum
455 2125 495 2158 et
507 2121 696 2157 Alorcum
717 2121 955 2170 Hispanum.
1012 2122 1047 2157 4.
1078 2121 1177 2157 Alco
1190 2120 1322 2156 insciis
1341 2120 1495 2167 Sagun-

166 2181 274 2228 tinis,
294 2182 474 2231 precibus
492 2182 640 2231 aliquid
660 2185 861 2218 moturum
890 2186 1013 2227 ratus,
1033 2195 1123 2218 cum
1141 2181 1190 2218 ad
1220 2181 1492 2218 Hannibalem

168 2245 290 2278 noctu
316 2243 535 2289 transisset,
565 2246 775 2291 postquam
806 2242 906 2278 nihil
935 2242 1121 2279 lacrimae
1150 2242 1373 2287 movebant,
1406 2253 1496 2277 con-

173 2303 416 2353 dicionesque
435 2304 571 2340 tristes
589 2307 636 2340 ut
655 2304 706 2339 ab
724 2304 827 2340 irato
845 2303 992 2340 victore
1019 2303 1263 2348 ferebantur,
1283 2300 1493 2350 transfuga

170 2375 220 2399 ex
238 2367 393 2400 oratore
406 2362 538 2401 factus
557 2364 663 2413 apud
675 2364 826 2401 hostem
841 2364 999 2410 mansit,
1015 2365 1251 2401 moriturum
1266 2362 1496 2410 adfirmans,
