1679 2553
665 187 728 212 cn.
758 186 871 214 xvln.
879 203 888 220 ‚
917 186 998 212 xlx.
1437 174 1484 214 17

173 279 275 328 quod
329 279 397 316 diu
443 278 616 328 parturit
664 278 818 314 animus
871 281 1011 323 vester,
1061 276 1271 326 aliquando
1323 277 1487 327 pariat.’'

176 341 235 377 13.
264 340 365 376 Tum
385 341 587 376 Romanus
605 339 693 375 sinu
711 351 760 375 ex
778 342 871 387 toga
889 337 995 375 facto
1016 341 1038 358 “
1055 338 1165 384 Hic‚''
1184 338 1326 387 inquit,
1343 341 1365 358 ‘⁶
1381 338 1488 375 vobis

173 401 321 437 bellum
338 404 379 437 et
397 413 533 449 pacem
548 404 771 449 portamus:
792 403 929 435 utrum
948 398 1087 448 placet,
1103 399 1277 435 sumite.'’
1327 399 1385 435 14.
1408 399 1488 435 Sub

174 462 278 497 hanc
313 473 445 498 vocem
482 460 588 497 haud
624 460 753 496 minus
789 459 982 506 ferociter,
1021 460 1144 504 daret,
1189 464 1324 496 utrum
1359 459 1489 506 vellet,

174 523 462 559 subclamatum
480 525 551 558 est.
598 521 651 557 Et
670 533 758 557 cum
776 520 810 557 is
827 521 971 557 iterum
990 521 1077 557 sinu
1097 522 1214 557 effuso
1233 521 1377 557 bellum
1397 521 1491 557 dare

174 583 346 629 dixisset,
366 583 538 631 accipere
553 594 592 618 se
603 594 736 617 omnes
750 581 1035 630 responderunt
1049 585 1101 628 et,
1117 582 1258 631 quibus
1272 582 1490 630 acciperent

174 645 329 689 animis,
349 644 485 680 iisdem
504 655 543 679 se
561 648 768 697 gesturos·

227 761 332 799 XIX.
363 762 475 799 Haec
495 761 649 798 derecta
664 761 933 810 percunctatio
947 774 993 797 ac
1007 761 1251 798 denuntiatio
1263 761 1354 798 belli
1369 763 1493 811 magis

176 837 224 862 ex
242 824 437 873 dignitate
455 823 588 872 populi
609 823 777 859 Romani
798 823 881 859 visa
901 828 960 860 est
978 836 1097 872 quam
1117 823 1163 859 de
1189 823 1389 859 foederum
1408 824 1493 861 iure

174 885 304 923 verbis
323 885 552 933 disceptare,
581 897 669 921 cum
698 889 803 930 ante,
832 889 921 921 tum
949 886 1117 921 maxime
1145 885 1322 934 Sagunto
1349 886 1490 923 excisa.

177 948 212 983 2.
241 946 350 983 Nam
377 946 408 982 si
441 946 649 982 verborum
681 946 971 995 disceptationis
998 959 1060 983 res
1096 950 1205 992 esset,
1237 946 1329 995 quid
1359 946 1494 983 foedus

177 1006 440 1045 Hasdrubalis
458 1019 546 1043 cum
565 1007 707 1043 Lutati
734 1007 860 1056 priore
886 1007 1051 1054 foedere,
1071 1008 1173 1056 quod
1201 1012 1403 1045 mutatum
1422 1014 1494 1055 est,

176 1068 470 1118 conparandum
489 1070 602 1105 erat?
659 1070 693 1105 3.
723 1068 822 1105 Cum
840 1069 882 1105 in
912 1070 1052 1106 Lutati
1079 1069 1231 1106 foedere
1258 1070 1400 1107 diserte
1425 1071 1493 1107 ad-

178 1131 306 1167 ditum
343 1133 454 1175 esset,
491 1130 549 1165 ita
586 1129 625 1165 id
656 1134 789 1166 ratum
819 1130 913 1175 fore,
944 1131 976 1167 si
1005 1131 1170 1180 populus
1199 1133 1419 1179 censuisset,
1451 1133 1494 1170 in

178 1191 440 1228 Hasdrubalis
458 1190 611 1227 foedere
630 1203 701 1227 nec
722 1196 927 1241 exceptum
954 1193 1035 1229 tale
1063 1194 1270 1242 quicquam
1299 1193 1433 1241 fuerit,
1454 1199 1494 1231 et

177 1256 239 1289 tot
257 1265 452 1289 annorum
471 1251 624 1288 silentio
642 1252 701 1288 ita
719 1252 808 1288 vivo
827 1265 870 1289 eo
889 1254 1171 1302 conprobatum
1193 1255 1245 1289 sit
1272 1254 1419 1301 foedus,
1448 1259 1494 1292 ut

177 1326 227 1350 ne
245 1317 401 1349 mortuo
420 1312 576 1361 quidem
595 1316 752 1349 auctore
771 1314 980 1362 quicquam
999 1318 1235 1352 mutaretur.
1284 1316 1318 1352 4.
1349 1316 1493 1360 Quam-

177 1388 309 1424 quam,
330 1374 403 1410 etsi
431 1374 559 1422 priore
585 1373 738 1411 foedere
765 1378 948 1421 staretur,
976 1376 1071 1411 satis
1098 1380 1258 1413 cautum
1286 1381 1373 1413 erat
1402 1377 1495 1427 Sag-

179 1436 339 1482 untinis,
368 1435 478 1471 sociis
504 1439 760 1484 utrorumque
787 1436 967 1485 exceptis.
1022 1437 1129 1473 Nam
1161 1450 1284 1486 neque
1316 1438 1493 1475 additum

180 1500 267 1534 erat
287 1500 309 1517 “
323 1497 382 1542 iis,
401 1497 468 1545 qui
488 1500 583 1532 tunc
602 1500 730 1533 essent
742 1495 761 1511 ''
781 1510 851 1533 nec
880 1500 902 1516 “
915 1510 964 1533 ne
990 1498 1057 1546 qui
1088 1503 1220 1546 postea
1250 1499 1497 1536 adsumeren-

180 1562 248 1594 tur
263 1571 274 1604 3
290 1557 308 1572 ’'
364 1558 398 1594 5.
428 1561 468 1594 et
487 1570 572 1593 cuin
595 1557 796 1594 adsumere
815 1570 934 1594 novos
953 1558 1086 1595 liceret
1105 1560 1232 1603 socios,
1253 1561 1339 1609 quis
1357 1573 1493 1597 aecum

179 1622 352 1656 censeret
371 1623 442 1655 aut
460 1619 508 1655 ob
528 1619 637 1655 nulla
650 1631 883 1668 quemquam
906 1621 1047 1656 merita
1066 1622 1107 1656 in
1127 1621 1342 1657 amicitiam
1361 1623 1494 1673 recipi,

182 1684 253 1717 aut
280 1683 453 1728 receptos
478 1680 522 1716 in
550 1680 665 1716 fidem
701 1694 781 1717 non
817 1681 996 1719 defendi?
1052 1682 1224 1718 Tantum
1252 1696 1301 1720 ne
1329 1684 1495 1720 Cartha-

180 1742 414 1791 giniensium
442 1742 531 1777 socii
564 1746 635 1778 aut
654 1742 958 1779 sollicitarentur
976 1743 1026 1780 ad
1044 1743 1298 1781 defectionem
1325 1749 1395 1782 aut
1423 1759 1494 1782 sua

183 1807 321 1852 sponte
340 1802 590 1840 desciscentes
608 1804 885 1853 reciperentur.

236 1865 270 1901 6.
301 1864 442 1912 Legati
489 1864 660 1900 Romani
708 1865 758 1900 ab
806 1865 1057 1915 Carthagine,
1105 1867 1205 1903 sicut
1251 1868 1297 1903 iis
1344 1868 1494 1905 Romae

178 1927 415 1975 imperatum
443 1929 542 1971 erat,
574 1926 617 1961 in
645 1926 893 1975 Hispaniam,
923 1931 970 1964 ut
999 1928 1155 1964 adirent
1173 1929 1364 1976 civitates,
1384 1933 1430 1966 ut
1452 1931 1494 1966 in

181 1988 404 2024 societatem
420 1987 651 2035 perlicerent
668 1992 740 2024 aut
766 1993 990 2026 averterent
1018 2003 1042 2026 a
1070 1990 1219 2035 Poenis,
1240 1991 1490 2028 traiecerunt.

183 2050 216 2086 7.
246 2050 311 2086 Ad
349 2048 559 2098 Bargusios
595 2049 765 2097 primum
816 2054 1030 2097 venerunt;
1070 2065 1094 2088 a
1141 2052 1281 2100 quibus
1326 2053 1494 2101 benigne

181 2110 344 2158 excepti,
360 2109 453 2158 quia
471 2109 651 2145 taedebat
669 2110 821 2159 imperii
836 2110 985 2158 Punici,
1001 2112 1145 2149 multos
1163 2116 1276 2149 trans
1296 2113 1492 2149 Hiberum

182 2171 341 2220 populos
377 2170 428 2207 ad
464 2170 684 2219 cupidinem
717 2184 841 2208 novae
872 2172 1057 2210 fortunae
1086 2178 1304 2210 erexerunt.
1362 2175 1397 2210 8.
1426 2174 1492 2210 Ad

182 2232 392 2268 Volcianos
410 2231 500 2267 inde
519 2235 578 2267 est
605 2235 780 2278 ventum,
800 2244 966 2281 quorum
994 2234 1142 2270 celebre
1169 2247 1238 2283 per
1257 2235 1492 2284 Hispaniam

180 2305 405 2342 responsum
437 2297 583 2330 ceteros
619 2294 780 2342 populos
810 2295 862 2331 ab
898 2296 1081 2332 societate
1117 2296 1298 2333 Romana
1334 2297 1491 2333 avertit.

181 2354 247 2390 Ita
292 2355 397 2391 enim
442 2355 636 2392 maximus
678 2359 777 2392 natu
820 2369 868 2393 ex
909 2357 957 2394 iis
991 2358 1034 2393 in
1068 2358 1227 2394 concilio
1271 2357 1493 2408 respondit:

210 2428 298 2452 Lim·
319 2429 393 2452 xxr.
420 2418 531 2454 1-30.
807 2433 830 2457 D
