1679 2553
729 154 792 180 611.
822 153 871 188 v.,
899 153 952 179 vr.
1478 137 1502 175 5

186 246 408 282 turbavere.
467 245 502 282 9.
532 244 735 282 Hannibal
753 244 898 294 proelio
925 243 1119 280 abstinuit
1147 240 1360 290 castrisque
1386 252 1503 290 super

184 306 314 354 ripam
346 307 492 355 positis,
522 319 610 342 cum
642 306 771 355 prima
800 305 910 354 quies
938 304 1216 353 silentiumque
1248 303 1299 339 ab
1326 301 1503 338 hostibus

185 366 274 413 fuit,
295 380 449 403 amnem
469 367 567 403 vado
593 367 760 411 traiecit,
781 366 961 415 valloque
987 365 1046 402 ita
1074 364 1272 414 producto,
1302 366 1348 399 ut
1375 362 1501 399 locum

181 427 233 463 ad
262 427 629 476 transgrediendum
662 427 792 463 hostes
825 425 1028 471 haberent,
1060 424 1246 462 invadere
1275 435 1337 460 eos
1368 425 1499 458 trans-

182 491 322 524 euntes
339 488 495 525 statuit.
555 488 614 524 10.
645 487 855 536 Equitibus
874 486 1084 535 praecepit,
1109 490 1166 531 ut,
1195 497 1285 521 cum
1309 484 1501 533 ingressos

181 561 327 596 aquam
364 548 550 593 viderent,
589 547 837 584 adorirentur
882 547 1100 597 inpeditum
1145 557 1298 595 agmen,
1334 544 1377 581 in
1413 543 1500 592 ripa

179 608 726 658 elephantos—quadraginta
746 612 881 644 autem
906 607 1257 656 erant—disponit.
1316 606 1375 642 11.
1406 604 1497 642 Car-

179 674 412 719 petanorum
462 682 551 706 cum
596 669 873 717 adpendicibus
919 668 1108 706 Olcadum
1154 667 1499 717 Vaccaeorumque

179 734 339 767 centum
375 730 485 767 milia
522 730 644 776 fuere,
681 730 828 766 invicta
864 730 975 776 acies,
1019 729 1053 766 si
1089 740 1212 777 aequo
1248 727 1499 764 dimicaretur

177 803 329 840 campo.
388 792 447 828 12.
477 791 622 840 Itaque
640 794 681 827 et
699 791 855 839 ingenio
883 790 1028 827 feroces
1055 793 1096 827 et
1123 788 1377 825 multitudine
1403 786 1498 824 freti

175 857 231 898 et,
251 852 355 901 quod
374 857 483 889 metu
502 852 656 889 cessisse
673 852 885 888 credebant
904 852 1065 897 hostem,
1082 850 1121 887 id
1134 850 1279 887 morari
1293 848 1496 886 victoriam

176 913 268 959 rati,
305 913 408 962 quod
439 913 647 949 interesset:
680 913 819 958 amnis,
849 913 1018 949 clamore
1049 911 1204 948 sublato
1236 910 1380 959 passim
1411 909 1495 946 sine

177 973 295 1010 ullius
312 973 486 1022 imperio,
506 986 585 1022 qua
604 973 742 1023 cuique
762 974 983 1023 proximum
1012 976 1082 1019 est,
1102 973 1144 1008 in
1173 984 1328 1008 amnem
1356 973 1491 1006 ruunt.

180 1033 240 1070 13.
269 1034 329 1070 At
347 1046 395 1070 ex
414 1038 529 1083 parte
548 1034 674 1070 altera
697 1035 806 1083 ripae
825 1035 882 1070 vis
909 1034 1048 1082 ingens
1075 1034 1252 1082 equitum
1279 1033 1321 1068 in
1348 1031 1494 1067 flumen

174 1094 350 1141 inmissa,
370 1094 572 1143 medioque
590 1094 699 1131 alveo
726 1095 1032 1144 haudquaquam
1052 1094 1139 1143 pari
1166 1092 1380 1130 certamine
1408 1103 1495 1128 con-

174 1167 345 1202 cursum,
403 1155 464 1192 14.
493 1155 637 1205 quippe
656 1155 724 1192 ubi
742 1155 858 1204 pedes
884 1155 1080 1191 instabilis
1098 1167 1143 1191 ac
1161 1154 1229 1190 vix
1247 1153 1344 1190 vado
1372 1151 1494 1189 fidens

174 1219 236 1256 vel
255 1219 306 1255 ab
323 1219 464 1256 inermi
484 1220 615 1267 equite
633 1232 732 1268 equo
752 1223 898 1256 temere
924 1222 1011 1256 acto
1028 1218 1200 1268 perverti
1218 1221 1358 1266 posset,
1377 1228 1494 1266 eques

172 1291 331 1328 corpore
350 1280 546 1328 armisque
565 1280 677 1326 liber,
697 1292 797 1328 equo
815 1280 877 1316 vel
897 1292 966 1328 per
983 1279 1128 1316 medios
1151 1279 1328 1328 gurgites
1346 1276 1490 1323 stabili,

170 1340 388 1376 comminus
407 1340 636 1388 eminusque
654 1353 738 1377 rem
756 1345 920 1389 gereret.
966 1340 1025 1377 15.
1055 1340 1154 1376 Pars
1168 1352 1313 1388 magna
1332 1338 1492 1375 flumine

170 1400 383 1450 absumpta
398 1415 409 1448 3
464 1401 623 1450 quidam
662 1403 847 1438 verticoso
884 1401 993 1438 amni
1038 1401 1158 1438 delati
1202 1401 1244 1437 in
1281 1400 1402 1436 hostis
1439 1399 1491 1435 ab

170 1461 393 1511 elephantis
410 1462 548 1499 obtriti
575 1466 680 1500 sunt.
741 1463 799 1499 16.
830 1462 1033 1507 Postremi,
1055 1461 1196 1511 quibus
1223 1473 1419 1510 regressus
1445 1459 1489 1496 in

171 1534 284 1559 suam
303 1523 431 1571 ripam
449 1523 576 1559 tutior
593 1522 684 1569 fuit,
704 1535 751 1560 ex
770 1523 880 1559 varia
900 1522 1161 1572 trepidatione
1180 1535 1268 1559 eum
1295 1523 1337 1558 in
1364 1534 1488 1558 unum

169 1582 458 1631 colligerentur,
478 1584 706 1632 priusquam
726 1596 751 1620 a
777 1587 892 1620 tanto
920 1595 1063 1632 pavore
1090 1584 1306 1633 reciperent
1325 1582 1486 1628 animos,

171 1643 376 1680 Hannibal
394 1644 551 1692 agmine
568 1643 764 1693 quadrato
782 1656 940 1681 amnem
959 1645 1155 1693 ingressus
1174 1643 1309 1693 fugam
1329 1655 1378 1680 ex
1402 1643 1488 1692 ripa

167 1702 264 1740 fecit
282 1704 525 1753 vastatisque
543 1705 649 1753 agris
667 1705 776 1742 intra
794 1717 938 1754 paucos
957 1705 1037 1742 dies
1065 1705 1306 1754 Carpetanos
1333 1715 1487 1754 quoque

167 1764 211 1800 in
231 1763 466 1801 deditionem
485 1765 646 1814 accepit.
706 1765 766 1802 17.
823 1765 877 1801 Et
895 1766 974 1802 iam
994 1766 1125 1802 omnia
1151 1770 1263 1802 trans
1290 1765 1485 1802 Hiberum

167 1828 325 1874 praeter
345 1825 582 1874 Saguntinos
602 1825 988 1876 Carthaginiensium
1007 1831 1137 1864 erant.

220 1941 290 1979 VI.
320 1943 420 1980 Cum
440 1943 670 1992 Saguntinis
688 1944 833 1981 bellum
861 1945 1036 1982 nondum
1062 1948 1176 1992 erat3
1203 1948 1376 1982 ceterum
1404 1944 1483 1980 iam

166 2003 258 2039 belli
292 2016 412 2040 causa
448 2004 665 2041 certamina
701 2017 791 2042 cum
828 2005 1007 2042 finitimis
1038 2006 1282 2052 serebantur,
1313 2005 1482 2041 maxime

164 2064 415 2102 Turdetanis.
487 2066 521 2101 2.
552 2065 701 2109 Quibus
736 2078 825 2102 cum
862 2066 1014 2103 adesset
1043 2066 1157 2113 idem,
1195 2067 1263 2115 qui
1288 2066 1369 2102 litis
1395 2067 1483 2102 erat

163 2128 284 2171 sator,
306 2138 376 2162 nec
403 2129 603 2162 certamen
630 2126 726 2162 iuris
753 2126 818 2163 sed
837 2128 917 2164 vim
945 2127 1084 2176 quaeri
1110 2131 1332 2177 appareret,
1360 2125 1482 2175 legati

162 2198 189 2221 a
217 2185 449 2236 Saguntinis
480 2186 649 2223 Romam
677 2186 784 2223 missi
810 2187 998 2224 auxilium
1018 2188 1068 2224 ad
1097 2188 1240 2224 bellum
1268 2187 1348 2224 iam
1374 2185 1481 2223 haud

162 2246 280 2283 dubie
307 2247 504 2284 inminens
541 2251 709 2284 orantes.
768 2249 802 2285 3.
833 2248 1017 2285 Consules
1048 2252 1145 2285 tunc
1181 2249 1331 2286 Romae
1367 2250 1481 2284 erant

163 2306 209 2344 P.
239 2307 440 2345 Cornelius
469 2307 596 2356 Scipio
627 2311 667 2344 et
694 2308 755 2345 Ti.
787 2309 1037 2358 Sempronius
1070 2309 1227 2358 Longus
1242 2322 1253 2356 3
1292 2308 1360 2358 qui
1390 2319 1479 2345 cum
