1679 2553
682 207 745 233 CH.
777 207 854 241 xx„
885 206 965 233 xxl.
1429 198 1476 235 19

161 306 262 352 post,
281 314 400 351 quam
419 301 593 337 consules
610 300 652 336 in
670 299 891 350 provincias
909 299 1074 348 profecti
1092 303 1217 337 erant.
1266 300 1481 339 Civitatem

161 376 314 400 omnem
328 362 599 412 expectatione
609 361 702 397 belli
714 364 885 397 erectam
897 360 1150 405 invenerunt,
1164 361 1260 398 satis
1273 366 1481 400 constante

163 424 270 462 fama
289 425 369 461 iam
388 424 583 460 Hiberum
603 423 752 460 Poenos
769 422 970 460 transisse.

214 541 319 580 XXI.
349 542 557 580 Hannibal
590 541 768 591 Sagunto
799 545 915 590 capto
945 541 1228 591 Carthaginem
1255 542 1412 579 Novam
1439 543 1483 580 in

162 605 327 642 hiberna
355 606 596 640 concesserat
624 603 756 651 ibique
788 602 948 649 auditis,
979 615 1081 651 quae
1121 603 1271 640 Romae
1307 616 1482 653 quaeque

163 666 405 715 Carthagine
423 668 514 701 acta
533 664 765 712 decretaque
792 662 937 709 forent,
967 676 1083 713 seque
1102 677 1181 701 non
1201 665 1337 702 ducem
1357 666 1482 703 solum
1515 658 1518 662 ⁴

162 728 227 764 sed
263 727 382 763 etiam
426 738 586 762 causam
623 737 704 761 esse
748 724 852 771 belli,
882 723 954 774 (2.)
994 726 1155 774 partitis
1197 726 1483 776 divenditisque

162 788 334 837 reliquiis
370 786 539 836 praedae
570 786 670 822 nihil
714 786 823 822 ultra
857 786 1116 823 differendum
1156 791 1269 824 ratus
1310 788 1482 838 Hispani

161 850 314 899 generis
332 849 476 885 milites
495 852 691 884 convocat.
741 848 775 884 3.
804 847 959 884 “Credo
978 860 1048 896 ego
1068 848 1167 894 vos‚⁷'
1183 849 1325 897 inquit,
1347 851 1481 897 “socii,

161 915 202 948 et
231 912 333 960 ipsos
360 922 527 955 cernere,
560 909 711 958 pacatis
743 909 923 945 omnibus
962 909 1182 958 Hispaniae
1219 911 1372 959 populis
1408 916 1478 948 aut

161 971 375 1009 finiendam
395 971 505 1007 nobis
532 970 716 1006 militiam
735 971 1006 1018 exercitusque
1025 971 1278 1008 dimittendos
1297 985 1389 1019 esse,
1410 976 1482 1009 aut

161 1033 205 1070 in
237 1033 335 1070 alias
366 1037 493 1069 terras
524 1031 846 1068 transferendum
884 1032 1054 1079 bcllum3
1111 1033 1145 1068 4.
1176 1033 1234 1069 ita
1268 1034 1372 1069 euim
1409 1034 1482 1071 hae

163 1099 299 1144 gentes
317 1107 395 1130 non
414 1095 521 1143 pacis
542 1093 665 1130 solum
693 1093 760 1130 sed
787 1093 908 1130 etiam
935 1094 1121 1130 victoriae
1141 1094 1252 1130 bonis
1272 1095 1481 1142 florebunt,

162 1157 196 1193 si
214 1169 263 1193 ex
281 1155 368 1192 aliis
386 1155 571 1205 gentibus
589 1155 776 1204 praedam
794 1158 835 1191 et
852 1154 1017 1203 gloriam
1038 1168 1282 1204 quaeremus.
1332 1157 1366 1193 5.
1396 1157 1480 1194 Ita-

164 1230 239 1267 que
258 1230 345 1253 cum
363 1216 578 1265 longinqua
603 1230 628 1252 a
655 1216 766 1252 domo
793 1217 914 1253 instet
942 1216 1097 1262 militia,
1126 1216 1399 1266 incertumque
1418 1219 1481 1264 sit,

162 1278 320 1328 quando
350 1278 480 1314 domos
508 1280 659 1313 vestras
688 1281 728 1313 et
756 1290 858 1325 quae
886 1278 1025 1326 cuique
1052 1278 1107 1313 ibi
1136 1290 1227 1314 cara
1246 1283 1340 1315 sunt
1359 1280 1483 1316 visuri

162 1340 259 1386 sitis,
292 1339 325 1375 si
354 1338 441 1387 quis
473 1342 647 1374 vestrum
678 1350 766 1374 suos
797 1338 964 1374 invisere
997 1339 1091 1386 volt,
1130 1344 1391 1376 commeatum
1420 1341 1479 1378 do.

166 1401 200 1438 6.
231 1401 364 1437 Primo
382 1412 472 1435 vere
492 1399 597 1436 edico
622 1399 769 1446 adsitis,
798 1403 844 1436 ut
872 1399 930 1435 dis
957 1400 1053 1437 bene
1081 1401 1310 1437 iuvantibus
1337 1401 1482 1439 bellum

163 1462 335 1511 ingentis
349 1461 495 1510 gloriae
514 1460 759 1509 praedaeque
779 1460 960 1497 futurum
973 1462 1237 1511 incipiamus'⁷
1287 1463 1321 1499 7.
1352 1463 1484 1500 Omni-

164 1524 237 1560 bus
263 1522 344 1560 fere
364 1521 511 1558 visendi
530 1521 659 1558 domos
677 1521 811 1558 oblata
840 1522 944 1558 ultro
971 1526 1144 1572 potestas
1172 1528 1288 1572 grata
1314 1528 1414 1571 erat,
1443 1530 1484 1562 et

164 1585 244 1621 iam
263 1583 572 1620 desiderantibus
590 1595 677 1619 suos
695 1587 736 1619 et
755 1583 908 1632 longius
923 1583 963 1620 in
984 1584 1166 1620 futurum
1187 1585 1484 1634 providentibus

164 1645 407 1682 desiderium.
465 1645 499 1681 8.
530 1644 607 1681 Per
620 1648 750 1681 totum
765 1648 842 1681 tem
848 1658 919 1693 pus
934 1646 1070 1682 hiemis
1085 1646 1195 1695 quies
1208 1647 1313 1683 inter
1331 1647 1484 1685 labores

162 1712 234 1744 aut
253 1708 333 1743 iam
353 1705 561 1742 exhaustos
580 1709 650 1742 aut
669 1719 759 1742 mox
786 1707 1069 1743 exhauriendos
1097 1709 1302 1745 renovavit
1321 1721 1482 1757 corpora

166 1769 391 1816 animosque
418 1767 468 1803 ad
494 1767 626 1803 omnia
655 1767 703 1803 de
729 1767 883 1816 integro
910 1768 1108 1817 patienda.
1164 1769 1269 1806 Vere
1288 1770 1414 1819 primo
1432 1771 1483 1808 ad

163 1830 335 1868 edictum
361 1841 585 1866 convenere.

220 1892 254 1927 9.
285 1889 503 1936 Hannibal,
523 1902 612 1926 cum
640 1891 892 1928 recensuisset
919 1892 1095 1928 omnium
1121 1893 1299 1942 gentium
1318 1893 1481 1940 auxilia,

164 1952 286 1989 Gadis
312 1950 510 2002 profectus
541 1951 705 1987 Herculi
733 1955 825 1988 vota
857 1953 1022 1989 exsolvit
1054 1954 1240 2002 novisque
1268 1967 1306 1991 se
1335 1955 1483 2004 obligat

166 2014 278 2059 votis,
322 2013 355 2049 si
390 2016 520 2049 cetera
556 2025 737 2062 prospere
773 2014 1004 2051 evenissent.
1081 2016 1140 2052 10.
1171 2015 1270 2052 Inde
1306 2017 1483 2065 partiens

163 2087 280 2112 curas
297 2073 413 2111 simul
432 2074 474 2109 in
491 2073 739 2110 inferendum
758 2078 878 2124 atque
897 2076 1108 2112 arcendum
1128 2076 1286 2124 bellum,
1306 2090 1367 2124 ne,
1388 2077 1482 2115 dum

165 2137 248 2185 ipse
282 2136 463 2173 terrestri
498 2147 567 2184 per
604 2135 841 2183 Hispaniam
879 2136 1106 2186 Galliasque
1143 2138 1285 2175 itinere
1318 2139 1482 2176 Italiam

166 2200 329 2246 peteret,
360 2196 467 2233 nuda
499 2199 714 2245 apertaque
744 2197 932 2235 Romanis
958 2198 1099 2235 Africa
1127 2200 1178 2236 ab
1207 2199 1338 2236 Sicilia
1367 2205 1480 2247 esset,

165 2258 294 2295 valido
321 2257 512 2308 praesidio
539 2257 697 2294 firmare
725 2270 813 2294 eam
841 2259 996 2296 statuit.
1056 2261 1115 2297 11.
1146 2260 1224 2298 Pro
1253 2274 1298 2298 eo
1330 2261 1481 2310 supple-

165 2323 344 2356 mentum
362 2319 443 2368 ipse
462 2331 511 2355 ex
529 2318 667 2354 Africa
692 2319 862 2355 maxime
891 2319 1164 2368 iaculatorum,
1184 2321 1329 2359 levium
1348 2323 1480 2370 armis,

165 2381 294 2431 petiit,
313 2383 359 2418 ut
376 2379 471 2417 Afri
488 2380 531 2416 in
551 2380 758 2429 Hispania,
780 2380 952 2429 Hispani
971 2380 1013 2418 in
1031 2380 1181 2428 Africa,
1198 2383 1333 2420 melior
1346 2385 1482 2433 procul
