1679 2553
682 171 744 197 CH.
774 171 859 207 vn„
888 171 976 196 vm.
1459 159 1481 195 7

165 259 259 305 loco,
291 273 410 309 supra
442 264 592 297 ceterae
623 261 782 297 modum
813 261 1035 297 altitudinis
1066 261 1264 297 emunitus
1304 263 1401 306 erat,
1442 263 1482 296 et

164 321 350 357 iuventus
371 321 530 368 delecta,
555 322 622 358 ubi
645 322 855 370 plurimum
879 322 1039 370 periculi
1062 335 1108 358 ac
1133 321 1282 358 timoris
1308 319 1480 357 ostende-

165 382 297 428 batur,
326 382 381 418 ibi
410 383 450 418 vi
478 382 625 419 maiore
653 383 905 419 obsistebant.
963 384 997 419 8.
1028 383 1089 419 Ac
1120 383 1245 431 primo
1273 382 1484 418 missilibus

163 443 392 480 submovere
410 443 560 480 hostem
589 456 658 480 nec
690 444 897 492 quicquam
918 444 1014 479 satis
1047 447 1180 479 tutum
1214 442 1483 479 munientibus

163 504 247 552 pati
259 517 270 550 3
299 503 436 540 deinde
462 504 540 540 iam
569 516 647 540 non
674 516 745 552 pro
772 505 972 540 moenibus
992 504 1104 540 modo
1123 508 1242 552 atque
1269 503 1369 539 turri
1399 502 1480 538 tela

164 565 319 610 micare,
349 564 415 600 sed
446 564 497 601 ad
529 564 810 613 erumpendum
843 566 963 600 etiam
996 565 1037 601 in
1070 565 1257 600 stationes
1289 575 1481 612 operaque

163 624 334 660 hostium
353 625 508 661 animus
531 629 640 671 erat,
697 625 732 662 9.
753 625 893 673 quibus
911 625 1185 661 tumultuariis
1203 624 1481 661 certaminibus

162 684 269 721 haud
284 684 406 721 ferme
421 685 552 734 plures
571 685 781 734 Saguntini
801 686 994 722 cadebant
1013 699 1132 734 quam
1149 686 1278 722 Poeni.
1337 686 1396 722 10.
1417 685 1478 722 Ut

161 758 253 782 vero
272 746 476 782 Hannibal
498 746 589 795 ipse,
615 747 708 784 dum
732 760 888 783 murum
911 747 1108 782 incautius
1130 747 1247 792 subit,
1272 746 1478 782 adversum

159 805 291 844 femur
307 807 466 857 tragula
476 808 651 856 graviter
666 807 766 844 ictus
781 808 927 853 cecidit,
944 811 1058 843 tanta
1074 808 1174 843 circa
1189 807 1285 855 fuga
1300 819 1345 842 ac
1362 806 1477 855 trepi-

159 867 268 904 datio
296 867 386 914 fuit,
417 871 464 904 ut
492 881 571 904 non
601 868 773 905 multum
803 869 965 914 abesset,
995 868 1090 917 quin
1122 879 1239 916 opera
1268 879 1312 903 ac
1341 867 1477 904 vineae

158 927 443 966 desererentur.

211 1043 328 1082 VIII.
358 1045 514 1083 Obsidio
532 1045 667 1083 deinde
691 1059 759 1095 per
780 1059 922 1096 paucos
944 1046 1024 1084 dies
1045 1047 1167 1096 magis
1189 1060 1307 1096 quam
1330 1060 1474 1096 oppug-

157 1106 269 1143 natio
294 1106 384 1153 fuit,
404 1107 497 1143 dum
516 1107 659 1143 vulnus
681 1107 787 1143 ducis
809 1111 1027 1145 curaretur.
1084 1108 1160 1144 Per
1182 1108 1283 1156 quod
1306 1111 1472 1157 tempus,

157 1171 205 1203 ut
223 1167 332 1215 quies
350 1168 611 1204 certaminum
630 1172 729 1214 erat,
750 1168 807 1204 ita
826 1169 877 1204 ab
895 1172 1092 1217 apparatu
1111 1181 1272 1217 operum
1288 1181 1333 1205 ac
1348 1170 1473 1205 muni-

155 1228 310 1265 tionum
325 1228 425 1264 nihil
438 1232 642 1264 cessatum.
692 1229 726 1264 2.
756 1229 901 1277 Itaque
920 1229 1047 1265 acrius
1059 1229 1105 1265 de
1123 1230 1278 1278 integro
1296 1232 1467 1266 coortum

155 1292 215 1325 est
239 1288 398 1335 bellum,
424 1289 678 1337 pluribusque
703 1289 893 1337 partibus,
920 1290 986 1325 vix
1011 1289 1292 1338 accipientibus
1317 1289 1470 1338 quibus-

154 1349 247 1386 dam
282 1362 400 1399 opera
435 1350 538 1396 locis,
576 1351 712 1386 vineae
748 1355 908 1399 coeptae
944 1351 1009 1399 agi
1045 1351 1321 1399 admoverique
1357 1351 1468 1388 aries.

156 1412 192 1449 3.
221 1410 467 1448 Abundabat
503 1411 756 1448 multitudine
789 1412 989 1448 hominum
1020 1412 1194 1458 Poenus;
1228 1412 1278 1448 ad
1311 1415 1468 1449 centum

153 1472 442 1521 quinquaginta
461 1472 569 1508 milia
588 1472 769 1508 habuisse
786 1473 828 1508 in
847 1474 967 1508 armis
986 1474 1080 1508 satis
1099 1472 1270 1509 creditur
1280 1486 1291 1520 3
1347 1472 1381 1509 4.
1402 1485 1467 1522 op-

157 1532 294 1582 pidani
308 1533 359 1569 ad
373 1533 504 1570 omnia
519 1533 666 1570 tuenda
680 1537 800 1582 atque
814 1534 992 1570 obeunda
1011 1534 1272 1570 multifariam
1291 1533 1469 1571 distineri

152 1594 279 1643 coepti
298 1606 377 1630 non
394 1594 648 1631 sufficiebant.
706 1596 739 1631 5.
770 1595 912 1643 Itaque
926 1595 1004 1631 iam
1024 1595 1268 1631 feriebantur
1280 1595 1468 1632 arietibus

152 1655 268 1701 muri,
287 1658 572 1704 quassataeque
591 1655 741 1691 multae
760 1660 892 1704 partes
911 1659 1023 1692 erant
1036 1669 1046 1702 3
1076 1669 1156 1692 una
1175 1657 1467 1693 continentibus

152 1716 278 1752 ruinis
300 1715 521 1752 nudaverat
544 1717 703 1763 urbem,
734 1721 813 1753 tres
835 1716 1015 1765 deinceps
1037 1721 1166 1754 turres
1193 1722 1465 1767 quantumque

151 1778 258 1816 inter
276 1791 342 1815 eas
353 1779 456 1814 muri
475 1782 562 1815 erat
580 1792 668 1815 cum
685 1780 839 1829 fragore
858 1780 1009 1828 ingenti
1023 1781 1279 1828 prociderant.
1311 1782 1345 1818 6.
1367 1782 1465 1830 Cap-

150 1842 238 1876 tum
266 1839 450 1888 oppidum
478 1851 525 1876 ea
560 1839 676 1876 ruina
712 1840 956 1877 crediderant
993 1840 1111 1877 Poeni
1123 1856 1134 1888 3
1162 1854 1250 1890 qua,
1287 1842 1396 1878 velut
1432 1843 1465 1879 si

150 1901 302 1950 pariter
329 1904 514 1948 utrosque
540 1913 675 1937 murus
701 1902 873 1947 texisset,
902 1902 960 1938 ita
987 1902 1185 1951 utrimque
1212 1903 1254 1939 in
1289 1915 1463 1951 pugnam

149 1973 379 2010 procursum
401 1964 470 1997 est.
528 1959 562 1997 7.
591 1960 702 1997 Nihil
728 1962 1011 1998 tumultuariae
1035 1974 1191 2011 pugnae
1215 1963 1339 2000 simile
1363 1968 1461 2010 erat,

148 2022 285 2072 quales
315 2021 358 2058 in
389 2022 747 2070 oppugnationibus
778 2023 936 2059 urbium
968 2036 1038 2071 per
1069 2023 1304 2061 occasionem
1336 2025 1462 2073 partis

149 2083 313 2120 alterius
331 2083 479 2119 conseri
501 2082 638 2128 solent,
662 2083 727 2119 sed
748 2084 873 2120 iustae
895 2084 996 2120 acies
1017 2085 1126 2121 velut
1148 2086 1303 2134 patenti
1324 2098 1461 2134 campo

148 2144 253 2181 inter
271 2144 408 2180 ruinas
426 2143 528 2179 muri
546 2146 728 2192 tectaque
748 2144 855 2180 urbis
874 2144 1020 2181 modico
1042 2146 1230 2182 distantia
1252 2147 1460 2183 intervallo

148 2205 420 2242 constiterant.
477 2206 511 2241 8.
542 2204 649 2241 Hinc
667 2217 763 2253 spes,
784 2205 874 2241 hinc
892 2206 1107 2255 desperatio
1126 2207 1276 2243 animos
1303 2208 1457 2254 inritat,

148 2266 278 2302 Poeno
297 2266 438 2314 cepisse
456 2266 535 2302 iam
554 2278 594 2302 se
616 2266 764 2311 urbem,
787 2266 819 2302 si
840 2267 1002 2315 paulum
1026 2266 1243 2314 adnitatur,
1266 2268 1457 2316 credente,

149 2327 381 2376 Saguntinis
407 2339 477 2375 pro
504 2326 655 2362 nudata
677 2327 877 2363 moenibus
899 2327 1030 2375 patria
1052 2340 1211 2376 corpora
1229 2330 1455 2377 opponenti-
