1679 2553
715 199 778 225 CII.
809 199 870 233 111,
899 199 950 226 1v.
1463 190 1485 226 3

173 295 258 332 lare
273 293 462 341 videtur,⁷'
480 293 622 342 inquit,
643 294 666 312 ‘⁴
687 292 927 338 Hasdrubal,
947 296 988 328 et
1007 305 1075 341 ego
1094 296 1226 329 tamen
1246 306 1324 329 non
1343 306 1487 341 censeo,

173 357 278 406 quod
297 356 408 405 petit,
421 353 708 391 tribuendum?
756 354 790 390 4.
813 354 912 390 Cum
927 354 1186 390 admiratione
1205 358 1289 390 tam
1309 355 1492 403 ancipitis

175 417 396 454 sententiae
414 416 457 451 in
475 428 514 451 se
533 427 665 451 omnes
683 415 947 460 convertisset,
970 417 991 433 ‘⁶
1008 414 1139 450 florem
1159 414 1334 460 aetatis,''
1348 415 1490 463 inquit,

177 481 200 498 ‘⁶
215 476 454 522 Hasdrubal,
471 488 585 524 quem
603 476 683 523 ipse
696 475 800 523 patri
821 475 1059 511 Hannibalis
1071 474 1280 510 fruendum
1296 476 1490 522 praebuit,

176 539 280 575 iusto
298 538 382 573 iure
400 549 489 573 eum
510 549 533 572 a
551 536 630 571 filio
648 535 774 584 repeti
793 539 922 571 censet
934 549 944 581 3
973 548 1042 571 nos
1060 539 1194 571 tamen
1208 535 1366 571 minime
1385 535 1493 572 decet

177 600 425 635 iuventutem
462 601 637 632 nostram
674 608 744 644 pro
776 595 941 631 militari
977 596 1199 632 rudimento
1244 595 1494 633 adsuefacere

179 658 331 697 libidini
362 661 598 707 praetorum.
669 657 702 693 5.
735 656 802 692 An
841 656 910 692 hoc
944 656 1138 702 timemus,
1175 669 1224 693 ne
1258 657 1495 694 Hamilcaris

177 724 282 760 filius
309 722 425 759 nimis
444 734 527 757 sero
546 721 710 770 imperia
740 720 930 756 inmodica
949 724 988 755 et
1019 720 1129 768 regni
1156 721 1314 769 paterni
1333 721 1494 769 speeiem

180 785 323 830 videat,
343 787 383 821 et
401 784 510 820 cuius
529 783 631 831 regis
649 795 790 830 genero
817 782 1044 818 hereditarii
1063 783 1143 818 sint
1162 782 1288 818 relicti
1304 782 1497 819 exercitus

179 846 317 889 nostri,
338 845 420 881 eius
450 844 528 880 filio
548 856 688 892 parum
715 847 871 879 mature
896 843 1135 880 serviamus?
1194 843 1228 879 6.
1259 842 1342 891 Ego
1374 843 1494 879 istum

179 908 362 944 iuvenem
406 905 509 942 domi
539 904 753 940 tenendum
783 905 855 940 sub
889 904 1052 953 legibus,
1089 904 1161 940 sub
1200 904 1497 952 magistratibus

181 967 397 1005 docendum
453 966 582 1002 vivere
628 978 752 1014 aequo
807 966 891 1002 iure
936 978 1023 1001 cum
1069 965 1208 1002 ceteris
1253 976 1398 1011 censeo,
1444 977 1496 1002 ne

183 1029 419 1078 quandoque
433 1040 580 1076 parvus
598 1026 661 1063 hic
680 1026 782 1076 ignis
800 1026 1023 1063 incendium
1041 1026 1179 1074 ingens
1191 1025 1432 1064 exsuscitet?

238 1146 307 1184 IV.
339 1145 463 1183 Pauci
482 1158 526 1181 ac
545 1144 668 1181 ferme
687 1144 859 1193 optimus
889 1144 1050 1193 quisque
1085 1144 1276 1180 Hannoni
1308 1143 1497 1181 adsentie-

185 1209 332 1246 bantur
346 1221 357 1254 3
385 1206 464 1252 sed,
485 1209 531 1242 ut
549 1206 778 1254 plerumque
798 1206 854 1250 fit,
874 1205 998 1241 maior
1015 1217 1106 1253 pars
1124 1205 1322 1241 meliorem
1341 1204 1445 1242 vicit.

239 1270 385 1306 Missus
415 1267 622 1304 Hannibal
651 1267 692 1303 in
723 1267 961 1316 Hispaniam
991 1267 1116 1315 primo
1152 1266 1290 1302 statim
1327 1266 1501 1303 adventu

187 1343 341 1368 omnem
360 1329 574 1366 exercitum
594 1329 635 1365 in
654 1341 694 1365 se
714 1328 907 1365 convertit
924 1342 932 1364 :
989 1329 1023 1364 2.
1045 1327 1309 1364 Hamilcarem
1322 1327 1502 1365 iuvenem

187 1392 384 1430 redditum
416 1390 489 1426 sibi
521 1394 672 1426 veteres
700 1390 843 1426 milites
868 1389 1021 1425 credere
1035 1402 1046 1435 3
1067 1389 1233 1425 eundem
1264 1388 1435 1437 vigorem
1461 1389 1503 1425 in

186 1453 302 1491 vultu
317 1452 475 1499 vimque
492 1451 534 1486 in
552 1450 681 1497 oculis,
703 1450 883 1487 habitum
903 1451 979 1486 oris
1006 1450 1323 1498 lineamentaque
1344 1449 1500 1488 intueri.

189 1515 293 1551 Dein
329 1512 438 1549 brevi
476 1511 614 1558 effecit,
653 1515 699 1547 ut
735 1516 848 1560 pater
876 1511 919 1547 in
956 1523 996 1547 se
1024 1510 1231 1546 minimum
1261 1513 1503 1546 momentum

191 1576 243 1612 ad
270 1575 447 1611 favorem
481 1573 765 1610 conciliandum
796 1577 906 1609 esset.
976 1573 1011 1609 3.
1040 1572 1270 1620 Numquam
1302 1572 1504 1620 ingenium

193 1637 296 1673 idem
324 1635 375 1672 ad
401 1649 462 1673 res
494 1635 786 1680 diversissimas,
820 1633 1038 1682 parendum
1068 1638 1189 1682 atque
1219 1632 1503 1681 imperandum,

191 1697 362 1734 habilius
397 1697 486 1734 fuit.
542 1697 577 1733 4.
618 1696 761 1744 Itaque
793 1695 900 1731 haud
936 1694 1051 1731 facile
1087 1695 1333 1739 discerneres,
1367 1697 1505 1731 utrum

192 1758 421 1808 imperatori
456 1771 509 1795 an
553 1757 741 1794 exercitui
779 1757 905 1793 carior
940 1760 1066 1802 esset3
1111 1768 1237 1804 neque
1281 1755 1505 1791 Hasdrubal

193 1820 317 1856 alium
348 1831 585 1868 quemquam
616 1818 825 1866 praeficere
862 1817 989 1863 malle,
1027 1817 1095 1853 ubi
1131 1816 1225 1865 quid
1261 1815 1420 1852 fortiter
1461 1828 1506 1851 ac

194 1884 354 1917 strenue
400 1879 597 1929 agendum
639 1882 750 1925 esset,
806 1890 932 1927 neque
981 1878 1124 1914 milites
1172 1877 1250 1914 alio
1285 1877 1382 1914 duce
1417 1877 1506 1925 plus

194 1941 386 1978 confidere
405 1943 478 1977 aut
506 1939 659 1977 audere.
718 1940 753 1976 5.
809 1939 1031 1975 Plurimum
1063 1938 1247 1975 audaciae
1265 1937 1316 1974 ad
1333 1937 1506 1986 pericula

195 2001 440 2051 capessenda,
478 2000 692 2050 plurimum
728 1999 876 2036 consilii
920 2000 1025 2036 inter
1068 1999 1154 2048 ipsa
1198 1999 1371 2048 pericula
1407 2001 1502 2035 erat.

193 2063 317 2101 Nullo
334 2063 467 2099 labore
487 2064 559 2098 aut
579 2072 717 2110 corpus
745 2059 910 2109 fatigari
928 2064 1000 2097 aut
1031 2060 1185 2096 animus
1203 2059 1307 2096 vinci
1334 2061 1500 2108 poterat.

198 2125 233 2162 6.
275 2123 425 2161 caloris
469 2135 515 2159 ac
559 2121 716 2171 frigoris
760 2121 954 2170 patientia
999 2133 1097 2171 parj,
1142 2120 1218 2156 cibi
1263 2119 1507 2168 potionisque

196 2184 382 2222 desiderio
399 2182 574 2220 naturali
600 2194 680 2218 non
697 2181 901 2230 voluptate
929 2182 1066 2218 modus
1092 2180 1228 2218 finitus
1240 2193 1252 2227 3
1280 2179 1505 2229 vigiliarum

192 2246 398 2295 somnique
425 2256 496 2281 nec
522 2244 583 2280 die
613 2254 686 2279 nec
713 2245 825 2279 nocte
852 2242 1120 2278 discriminata
1149 2244 1349 2289 tempora:
1402 2239 1435 2278 7.
1464 2239 1505 2276 id

192 2307 298 2356 quod
312 2305 490 2356 gerendis
506 2305 623 2341 rebus
640 2307 856 2352 superesset
874 2303 995 2352 quieti
1009 2303 1147 2339 datum
1160 2315 1171 2349 3
1190 2314 1236 2338 ea
1254 2313 1379 2350 neque
1396 2300 1504 2337 molli

194 2371 325 2405 strato
343 2379 469 2417 neque
500 2365 653 2403 silentio
672 2365 857 2401 accersita
870 2377 883 2412 3
911 2363 1029 2400 multi
1057 2375 1170 2413 saepe
1189 2362 1352 2399 militari
1368 2361 1504 2412 sagulo
