1679 2553
686 201 748 227 CII.
781 200 882 233 xxv„
912 199 1017 224 XXVI.
1455 189 1504 225 23

189 301 345 344 tempus
375 297 474 340 erat,
492 292 567 330 fide
597 290 976 341 conprehenduntur‚
998 291 1234 338 negantibus
1266 291 1400 335 Gallis,
1431 291 1505 327 nisi

190 355 338 392 obsides
363 355 437 392 sibi
455 355 722 400 redderent-ur,
753 365 816 389 eos
848 352 1082 388 dimissuros.
1140 353 1174 388 8.
1205 352 1304 389 Cum
1336 352 1430 389 haec
1458 353 1504 388 de

188 415 330 465 legatis
346 416 535 453 nuntiata
553 418 690 461 essent,
711 418 751 450 et
771 413 931 449 Mutina
943 413 1253 461 praesidiumque
1272 414 1314 450 in
1332 413 1502 462 periculo

189 481 299 523 esset,
342 478 385 515 L.
417 477 594 513 Manlius
642 478 797 525 praetor
837 474 896 510 ira
934 485 1114 509 accensus
1159 474 1320 511 effusum
1362 487 1502 523 agmen

187 538 238 574 ad
284 538 487 575 Mutinam
519 538 637 574 ducit.
712 538 745 573 9.
796 536 926 573 Silvae
962 539 1060 571 tunc
1089 536 1190 571 circa
1228 537 1332 572 viam
1386 540 1502 572 erant

185 599 380 648 plerisque
416 599 584 635 incultis.
658 598 722 634 Ibi
758 596 1001 646 inexplorato
1042 596 1238 645 profectus
1274 597 1315 633 in
1342 597 1501 634 insidias

185 661 483 709 praecipitatur,
534 659 738 707 multaque
788 671 875 694 cum
926 657 1040 693 caede
1089 670 1247 694 suorum
1297 671 1411 707 aegre
1458 659 1499 695 in

184 725 340 769 apertos
357 733 512 770 campos
529 721 694 757 emersit.
755 721 812 756 10.
836 719 898 755 Ibi
917 723 1046 754 castra
1065 720 1315 766 communita,
1335 724 1386 764 et,
1406 720 1498 768 quia

184 781 306 818 Gallis
334 782 384 819 ad
415 782 645 831 temptanda
676 794 721 817 ca
754 780 879 816 defuit
908 792 1004 828 speS,
1038 779 1173 816 refecti
1202 784 1295 816 sunt
1327 781 1493 817 militum

182 843 316 889 animi,
354 855 594 892 quamquam
630 843 680 878 ad
717 845 906 878 sescentos
935 840 1110 877 cecidisse
1147 842 1242 877 satis
1279 843 1493 879 constabat.

183 903 244 940 11.
274 904 359 941 Iter
376 904 513 941 deinde
532 904 577 940 de
596 905 747 951 integro
775 907 965 951 coeptum,
993 915 1072 945 neo,
1102 902 1193 938 dum
1222 915 1289 951 per
1316 905 1494 952 patentia

180 964 265 1001 loca
301 965 517 1002 ducebatur
552 978 706 1014 agmen,
744 964 926 1013 apparuit
964 963 1110 1009 hostis3
1169 964 1227 1001 12.
1259 965 1325 1001 ubi
1361 978 1495 1002 rursus

179 1026 300 1062 silvae
318 1026 503 1072 inti-atae,
530 1029 617 1062 tum
646 1030 860 1074 postremos
886 1024 1014 1060 adorti
1041 1037 1129 1060 cum
1157 1037 1301 1074 magna
1328 1027 1494 1075 trepida-

178 1087 286 1123 tione
305 1100 350 1124 ac
367 1100 511 1137 pavore
529 1088 701 1125 omnium
722 1087 985 1136 septingentos
1011 1085 1155 1122 milit-es
1177 1086 1407 1134 occiderunt,
1428 1101 1494 1125 sex

178 1148 292 1196 signa
322 1148 511 1185 ademere.
570 1149 628 1185 13.
660 1149 766 1184 Finis
792 1152 833 1185 et
860 1146 982 1183 Gallis
1017 1147 1227 1184 territandi
1254 1152 1295 1185 et
1322 1150 1492 1197 pavendi

177 1208 258 1245 fuit
277 1210 478 1256 Romanis,
497 1213 542 1246 ut
561 1223 581 1247 e
600 1210 704 1247 saltu
723 1211 828 1246 invio
845 1212 965 1257 atque
984 1208 1155 1258 inpedito
1174 1221 1340 1246 evasere.
1390 1211 1489 1248 Inde

176 1271 324 1318 apertis
358 1270 450 1307 locis
491 1270 605 1307 facile
639 1275 821 1308 tutantes
862 1281 1003 1318 agmen
1051 1270 1219 1306 Romam·
1255 1270 1489 1319 Tannetum,

175 1331 305 1368 vicum
324 1332 553 1382 propincum
571 1333 691 1377 Pado,
712 1332 951 1369 contendere.
1011 1330 1068 1367 14.
1102 1331 1164 1367 Ibi
1184 1343 1223 1367 se
1243 1333 1488 1371 munimento

173 1392 224 1428 ad
242 1396 398 1441 tempus
417 1394 771 1442 commeatibusque
798 1392 970 1430 fluminis
996 1396 1037 1428 et
1066 1392 1341 1430 Brixianorum
1369 1395 1488 1432 etiam

173 1452 376 1491 Gallorum
394 1455 539 1491 auxilio
557 1455 742 1491 adversus
760 1458 993 1492 crescentem
1012 1453 1054 1489 in
1083 1453 1162 1489 dies
1189 1453 1484 1493 multitudinem

173 1513 345 1552 hostium
369 1517 622 1554 tutabantur.

221 1631 364 1670 XXVI.
393 1634 470 1679 Qui
497 1635 694 1672 tumultus
711 1649 848 1685 repens
876 1641 1081 1688 postquam
1109 1642 1167 1676 est
1195 1639 1363 1675 Romam
1394 1651 1478 1687 per-

170 1693 287 1740 latus,
320 1698 362 1731 et
402 1695 595 1733 Punicum
622 1697 780 1746 insuper
808 1699 955 1735 Gallico
983 1700 1128 1736 bellum
1164 1703 1324 1736 auctum
1351 1704 1484 1748 patres

169 1759 416 1804 acceperunt,
457 1756 528 1807 (2.)
557 1757 598 1794 O.
627 1759 797 1795 Atilium
834 1764 1054 1808 praetorem
1104 1774 1191 1798 cum
1220 1774 1298 1797 una
1334 1761 1483 1808 legione

169 1816 352 1853 Romana
370 1821 411 1854 et
429 1818 600 1866 quinque
619 1819 774 1856 milibus
792 1821 980 1858 sociorum
1000 1822 1144 1858 dilectu
1170 1834 1268 1858 novo
1286 1833 1309 1856 a
1327 1822 1482 1858 consule

167 1878 396 1927 conscriptis
430 1879 622 1916 auxilium
657 1879 760 1917 ferre
798 1881 949 1919 Manlio
990 1884 1139 1929 iubent,
1180 1884 1247 1932 qui
1283 1883 1365 1919 sine
1401 1882 1480 1920 ullo

167 1940 723 1978 certamine—abscesserant
759 1944 863 1980 enim
900 1948 1009 1981 metu
1054 1945 1480 1981 hostes—Tannetum

166 2001 358 2048 pervenit.

219 2061 254 2098 3.
285 2061 339 2098 Et
358 2062 401 2099 P.
423 2062 625 2099 Cornelius
641 2062 684 2099 in
710 2063 836 2101 locum
863 2065 956 2112 eius,
977 2079 1077 2115 quae
1105 2068 1221 2104 missa
1249 2080 1336 2103 cum
1368 2079 1479 2115 prae-

164 2124 250 2158 tore
268 2126 366 2169 erat,
385 2123 530 2172 scripta
547 2123 697 2172 legione
723 2137 825 2161 nova
852 2127 1047 2174 profectus
1073 2128 1122 2164 ab
1151 2129 1246 2165 urbe
1273 2128 1477 2176 sexaginta

163 2182 291 2232 longis
308 2185 473 2221 navibus
490 2189 647 2233 praeter
674 2198 781 2221 oram
811 2186 995 2224 Etruriae
1023 2188 1290 2238 Ligurumque
1321 2193 1361 2225 et
1388 2189 1478 2226 inde

164 2244 383 2282 Salluvium
402 2246 545 2282 montis
570 2247 748 2294 pervenit
768 2247 995 2295 Massiliam,
1050 2250 1085 2286 4.
1114 2253 1153 2286 et
1179 2250 1229 2286 ad
1256 2250 1476 2300 proximum

161 2305 306 2342 ostium
325 2306 739 2356 Rhodani—pluribus
757 2309 860 2345 enim
887 2309 1031 2346 divisus
1058 2310 1184 2347 amnis
1211 2310 1253 2347 in
1280 2324 1388 2347 mare
1415 2311 1476 2347 de-

161 2367 468 2404 currit—castra
504 2368 617 2414 locat,
664 2369 824 2407 vixdum
866 2370 962 2407 satis
1006 2371 1164 2408 credens
1206 2371 1474 2410 Hannibalem
