<?xml version="1.0" encoding="UTF-8"?>
<!DOCTYPE html PUBLIC "-//W3C//DTD XHTML 1.0 Transitional//EN"
    "http://www.w3.org/TR/xhtml1/DTD/xhtml1-transitional.dtd">
<html xmlns="http://www.w3.org/1999/xhtml" xml:lang="en" lang="en">
 <head>
  <title>
</title>
<meta http-equiv="Content-Type" content="text/html;charset=utf-8" />
  <meta name='ocr-system' content='tesseract 3.04.00' />
  <meta name='ocr-capabilities' content='ocr_page ocr_carea ocr_par ocr_line ocrx_word'/>
</head>
<body>
  <div class='ocr_page' id='page_1' title='image "./bookxxichapters100livyuoft_0040.png"; bbox 0 0 1679 2553; ppageno 0'>
   <div class='ocr_carea' id='block_1_1' title="bbox 178 206 950 254">
    <p class='ocr_par' dir='ltr' id='par_1_1' title="bbox 178 206 950 254">
     <span class='ocr_line' id='line_1_1' title="bbox 178 206 950 254; baseline 0.005 -12"><span class='ocrx_word' id='word_1_1' title='bbox 178 206 228 242; x_wconf 88' lang='grc'>12</span> <span class='ocrx_word' id='word_1_2' title='bbox 734 220 839 254; x_wconf 80' lang='lat' dir='ltr'>va,</span> <span class='ocrx_word' id='word_1_3' title='bbox 870 220 950 246; x_wconf 80' lang='lat' dir='ltr'>XXI.</span> 
     </span>
    </p>
   </div>
   <div class='ocr_carea' id='block_1_2' title="bbox 168 308 1503 1088">
    <p class='ocr_par' dir='ltr' id='par_1_2' title="bbox 168 308 1503 1088">
     <span class='ocr_line' id='line_1_2' title="bbox 174 308 1502 360; baseline 0.002 -16"><span class='ocrx_word' id='word_1_4' title='bbox 174 308 242 356; x_wconf 87' lang='lat' dir='ltr'>qui</span> <span class='ocrx_word' id='word_1_5' title='bbox 270 308 342 345; x_wconf 92' lang='lat' dir='ltr'>sub</span> <span class='ocrx_word' id='word_1_6' title='bbox 361 309 649 347; x_wconf 82' lang='lat' dir='ltr'>condicionibus</span> <span class='ocrx_word' id='word_1_7' title='bbox 678 311 726 347; x_wconf 91' lang='lat' dir='ltr'>iis</span> <span class='ocrx_word' id='word_1_8' title='bbox 758 310 804 347; x_wconf 89' lang='lat' dir='ltr'>de</span> <span class='ocrx_word' id='word_1_9' title='bbox 833 323 929 360; x_wconf 85' lang='lat' dir='ltr'>pace</span> <span class='ocrx_word' id='word_1_10' title='bbox 948 314 1094 360; x_wconf 84' lang='lat' dir='ltr'>ageret.</span> <span class='ocrx_word' id='word_1_11' title='bbox 1154 310 1188 347; x_wconf 88' lang='lat'>5.</span> <span class='ocrx_word' id='word_1_12' title='bbox 1219 309 1502 347; x_wconf 85' lang='lat' dir='ltr'>Postulabatur</span> 
     </span>
     <span class='ocr_line' id='line_1_3' title="bbox 171 370 1502 420; baseline 0.002 -15"><span class='ocrx_word' id='word_1_13' title='bbox 171 373 321 416; x_wconf 81' lang='lat' dir='ltr'>autem,</span> <span class='ocrx_word' id='word_1_14' title='bbox 359 370 567 407; x_wconf 87' lang='lat' dir='ltr'>redderent</span> <span class='ocrx_word' id='word_1_15' title='bbox 605 384 666 408; x_wconf 90' lang='lat' dir='ltr'>res</span> <span class='ocrx_word' id='word_1_16' title='bbox 702 372 951 418; x_wconf 85' lang='lat' dir='ltr'>Turdetanis,</span> <span class='ocrx_word' id='word_1_17' title='bbox 990 372 1217 420; x_wconf 85' lang='lat' dir='ltr'>traditoque</span> <span class='ocrx_word' id='word_1_18' title='bbox 1262 371 1369 407; x_wconf 89' lang='lat' dir='ltr'>omni</span> <span class='ocrx_word' id='word_1_19' title='bbox 1405 382 1502 407; x_wconf 85' lang='lat' dir='ltr'>auro</span> 
     </span>
     <span class='ocr_line' id='line_1_4' title="bbox 174 431 1500 481; baseline 0.002 -17"><span class='ocrx_word' id='word_1_20' title='bbox 174 433 295 478; x_wconf 66' lang='lat' dir='ltr'>atque</span> <span class='ocrx_word' id='word_1_21' title='bbox 331 435 496 479; x_wconf 85' lang='lat' dir='ltr'>argento</span> <span class='ocrx_word' id='word_1_22' title='bbox 533 432 676 480; x_wconf 80' lang='lat' dir='ltr'>egressi</span> <span class='ocrx_word' id='word_1_23' title='bbox 714 432 811 469; x_wconf 89' lang='lat' dir='ltr'>urbe</span> <span class='ocrx_word' id='word_1_24' title='bbox 847 445 937 468; x_wconf 90' lang='lat' dir='ltr'>cum</span> <span class='ocrx_word' id='word_1_25' title='bbox 973 432 1138 481; x_wconf 85' lang='lat' dir='ltr'>singulis</span> <span class='ocrx_word' id='word_1_26' title='bbox 1166 431 1411 468; x_wconf 86' lang='lat' dir='ltr'>vestimentis</span> <span class='ocrx_word' id='word_1_27' title='bbox 1447 431 1500 468; x_wconf 88' lang='lat' dir='ltr'>ibi</span> 
     </span>
     <span class='ocr_line' id='line_1_5' title="bbox 174 491 1499 542; baseline 0.002 -16"><span class='ocrx_word' id='word_1_28' title='bbox 174 491 415 536; x_wconf 68' lang='lat' dir='ltr'>habitarent,</span> <span class='ocrx_word' id='word_1_29' title='bbox 445 493 513 528; x_wconf 86' lang='lat' dir='ltr'>ubi</span> <span class='ocrx_word' id='word_1_30' title='bbox 542 493 697 529; x_wconf 81' lang='lat' dir='ltr'>Poenus</span> <span class='ocrx_word' id='word_1_31' title='bbox 723 493 906 530; x_wconf 84' lang='lat' dir='ltr'>iussisset.</span> <span class='ocrx_word' id='word_1_32' title='bbox 965 493 999 529; x_wconf 87' lang='lat'>6.</span> <span class='ocrx_word' id='word_1_33' title='bbox 1032 493 1120 529; x_wconf 92' lang='lat' dir='ltr'>Has</span> <span class='ocrx_word' id='word_1_34' title='bbox 1157 493 1262 542; x_wconf 83' lang='lat' dir='ltr'>pacis</span> <span class='ocrx_word' id='word_1_35' title='bbox 1298 492 1402 542; x_wconf 83' lang='lat' dir='ltr'>leges</span> <span class='ocrx_word' id='word_1_36' title='bbox 1438 492 1499 528; x_wconf 87' lang='lat' dir='ltr'>ab-</span> 
     </span>
     <span class='ocr_line' id='line_1_6' title="bbox 174 555 1500 605; baseline 0.002 -16"><span class='ocrx_word' id='word_1_37' title='bbox 174 558 321 591; x_wconf 87' lang='lat' dir='ltr'>nuente</span> <span class='ocrx_word' id='word_1_38' title='bbox 342 555 490 591; x_wconf 85' lang='lat' dir='ltr'>Alcone</span> <span class='ocrx_word' id='word_1_39' title='bbox 504 560 731 604; x_wconf 86' lang='lat' dir='ltr'>accepturos</span> <span class='ocrx_word' id='word_1_40' title='bbox 747 556 1001 605; x_wconf 81' lang='lat' dir='ltr'>Saguntinos,</span> <span class='ocrx_word' id='word_1_41' title='bbox 1020 556 1200 601; x_wconf 89' lang='lat' dir='ltr'>Alorcus,</span> <span class='ocrx_word' id='word_1_42' title='bbox 1214 556 1319 592; x_wconf 86' lang='lat' dir='ltr'>Vinci</span> <span class='ocrx_word' id='word_1_43' title='bbox 1338 555 1500 602; x_wconf 89' lang='lat' dir='ltr'>animos,</span> 
     </span>
     <span class='ocr_line' id='line_1_7' title="bbox 173 616 1502 666; baseline 0.002 -15"><span class='ocrx_word' id='word_1_44' title='bbox 173 616 241 652; x_wconf 90' lang='lat' dir='ltr'>ubi</span> <span class='ocrx_word' id='word_1_45' title='bbox 259 616 336 652; x_wconf 83' lang='lat' dir='ltr'>alia</span> <span class='ocrx_word' id='word_1_46' title='bbox 356 617 577 663; x_wconf 84' lang='lat' dir='ltr'>vincantur,</span> <span class='ocrx_word' id='word_1_47' title='bbox 599 617 825 663; x_wconf 87' lang='lat' dir='ltr'>adfirmans,</span> <span class='ocrx_word' id='word_1_48' title='bbox 846 629 886 654; x_wconf 89' lang='grc'>56</span> <span class='ocrx_word' id='word_1_49' title='bbox 904 618 1012 666; x_wconf 87' lang='lat' dir='ltr'>pacis</span> <span class='ocrx_word' id='word_1_50' title='bbox 1040 618 1122 653; x_wconf 87' lang='lat' dir='ltr'>eius</span> <span class='ocrx_word' id='word_1_51' title='bbox 1141 618 1399 666; x_wconf 71' lang='lat' dir='ltr'>interpretem</span> <span class='ocrx_word' id='word_1_52' title='bbox 1418 616 1502 654; x_wconf 83' lang='lat' dir='ltr'>fore</span> 
     </span>
     <span class='ocr_line' id='line_1_8' title="bbox 172 676 1503 726; baseline 0.002 -15"><span class='ocrx_word' id='word_1_53' title='bbox 172 676 377 725; x_wconf 86' lang='lat' dir='ltr'>pollicetur</span> <span class='ocrx_word' id='word_1_54' title='bbox 392 689 399 712; x_wconf 90' lang='lat'>:</span> <span class='ocrx_word' id='word_1_55' title='bbox 420 681 507 713; x_wconf 84' lang='lat' dir='ltr'>erat</span> <span class='ocrx_word' id='word_1_56' title='bbox 523 681 657 714; x_wconf 85' lang='lat' dir='ltr'>autem</span> <span class='ocrx_word' id='word_1_57' title='bbox 669 682 758 714; x_wconf 87' lang='lat' dir='ltr'>tum</span> <span class='ocrx_word' id='word_1_58' title='bbox 770 678 881 715; x_wconf 83' lang='lat' dir='ltr'>miles</span> <span class='ocrx_word' id='word_1_59' title='bbox 894 678 1147 723; x_wconf 81' lang='lat' dir='ltr'>Hannibalis,</span> <span class='ocrx_word' id='word_1_60' title='bbox 1162 682 1335 714; x_wconf 89' lang='lat' dir='ltr'>ceterum</span> <span class='ocrx_word' id='word_1_61' title='bbox 1348 677 1503 726; x_wconf 79' lang='lat' dir='ltr'>publico</span> 
     </span>
     <span class='ocr_line' id='line_1_9' title="bbox 173 736 1502 789; baseline 0.001 -16"><span class='ocrx_word' id='word_1_62' title='bbox 173 736 405 786; x_wconf 82' lang='lat' dir='ltr'>Saguntinis</span> <span class='ocrx_word' id='word_1_63' title='bbox 442 739 591 775; x_wconf 86' lang='lat' dir='ltr'>amicus</span> <span class='ocrx_word' id='word_1_64' title='bbox 628 743 749 787; x_wconf 87' lang='lat' dir='ltr'>atque</span> <span class='ocrx_word' id='word_1_65' title='bbox 787 739 936 789; x_wconf 88' lang='lat' dir='ltr'>hospes.</span> <span class='ocrx_word' id='word_1_66' title='bbox 994 739 1028 776; x_wconf 86' lang='lat'>7.</span> <span class='ocrx_word' id='word_1_67' title='bbox 1058 739 1220 775; x_wconf 87' lang='lat' dir='ltr'>Tradito</span> <span class='ocrx_word' id='word_1_68' title='bbox 1257 739 1390 788; x_wconf 82' lang='lat' dir='ltr'>palam</span> <span class='ocrx_word' id='word_1_69' title='bbox 1422 738 1502 774; x_wconf 82' lang='lat' dir='ltr'>telo</span> 
     </span>
     <span class='ocr_line' id='line_1_10' title="bbox 168 798 1501 849; baseline 0.001 -15"><span class='ocrx_word' id='word_1_70' title='bbox 168 798 395 835; x_wconf 86' lang='lat' dir='ltr'>custodibus</span> <span class='ocrx_word' id='word_1_71' title='bbox 422 799 591 835; x_wconf 87' lang='lat' dir='ltr'>hostium</span> <span class='ocrx_word' id='word_1_72' title='bbox 621 803 891 849; x_wconf 81' lang='lat' dir='ltr'>transgressus</span> <span class='ocrx_word' id='word_1_73' title='bbox 918 800 1167 837; x_wconf 82' lang='lat' dir='ltr'>munimenta</span> <span class='ocrx_word' id='word_1_74' title='bbox 1197 799 1247 836; x_wconf 88' lang='lat' dir='ltr'>ad</span> <span class='ocrx_word' id='word_1_75' title='bbox 1276 802 1501 849; x_wconf 88' lang='lat' dir='ltr'>praetorem</span> 
     </span>
     <span class='ocr_line' id='line_1_11' title="bbox 173 859 1500 908; baseline 0.002 -14"><span class='ocrx_word' id='word_1_76' title='bbox 173 859 532 908; x_wconf 81' lang='lat' dir='ltr'>Saguntinum—et</span> <span class='ocrx_word' id='word_1_77' title='bbox 562 861 643 908; x_wconf 85' lang='lat' dir='ltr'>ipse</span> <span class='ocrx_word' id='word_1_78' title='bbox 681 860 740 896; x_wconf 82' lang='grc'><strong>1133</strong></span> <span class='ocrx_word' id='word_1_79' title='bbox 773 861 1052 896; x_wconf 68' lang='lat' dir='ltr'>iubebat—est</span> <span class='ocrx_word' id='word_1_80' title='bbox 1085 860 1287 896; x_wconf 84' lang='lat' dir='ltr'>deductus.</span> <span class='ocrx_word' id='word_1_81' title='bbox 1346 860 1381 896; x_wconf 84' lang='lat'>8.</span> <span class='ocrx_word' id='word_1_82' title='bbox 1413 859 1500 903; x_wconf 82' lang='lat' dir='ltr'>Quo</span> 
     </span>
     <span class='ocr_line' id='line_1_12' title="bbox 171 921 1500 969; baseline 0 -13"><span class='ocrx_word' id='word_1_83' title='bbox 171 932 261 956; x_wconf 89' lang='lat' dir='ltr'>cum</span> <span class='ocrx_word' id='word_1_84' title='bbox 297 921 494 969; x_wconf 75' lang='lat' dir='ltr'>extemplo</span> <span class='ocrx_word' id='word_1_85' title='bbox 539 933 749 957; x_wconf 84' lang='lat' dir='ltr'>concursus</span> <span class='ocrx_word' id='word_1_86' title='bbox 785 921 912 957; x_wconf 86' lang='grc'><strong>01111115</strong></span> <span class='ocrx_word' id='word_1_87' title='bbox 957 921 1110 969; x_wconf 86' lang='lat' dir='ltr'>generis</span> <span class='ocrx_word' id='word_1_88' title='bbox 1156 921 1362 956; x_wconf 88' lang='lat' dir='ltr'>hominum</span> <span class='ocrx_word' id='word_1_89' title='bbox 1399 924 1500 956; x_wconf 83' lang='lat' dir='ltr'>esset</span> 
     </span>
     <span class='ocr_line' id='line_1_13' title="bbox 168 980 1500 1027; baseline 0 -10"><span class='ocrx_word' id='word_1_90' title='bbox 168 980 312 1027; x_wconf 81' lang='lat' dir='ltr'>factus,</span> <span class='ocrx_word' id='word_1_91' title='bbox 342 981 524 1018; x_wconf 88' lang='lat' dir='ltr'>submota</span> <span class='ocrx_word' id='word_1_92' title='bbox 560 986 691 1018; x_wconf 86' lang='lat' dir='ltr'>cetera</span> <span class='ocrx_word' id='word_1_93' title='bbox 722 982 978 1018; x_wconf 77' lang='lat' dir='ltr'>multitudine</span> <span class='ocrx_word' id='word_1_94' title='bbox 1010 985 1174 1019; x_wconf 86' lang='lat' dir='ltr'>senatus</span> <span class='ocrx_word' id='word_1_95' title='bbox 1206 981 1349 1018; x_wconf 88' lang='lat' dir='ltr'>Alorco</span> <span class='ocrx_word' id='word_1_96' title='bbox 1378 980 1500 1017; x_wconf 87' lang='lat' dir='ltr'>datus</span> 
     </span>
     <span class='ocr_line' id='line_1_14' title="bbox 168 1042 744 1088; baseline 0.005 -11"><span class='ocrx_word' id='word_1_97' title='bbox 168 1045 243 1088; x_wconf 86' lang='lat' dir='ltr'>est,</span> <span class='ocrx_word' id='word_1_98' title='bbox 265 1042 377 1078; x_wconf 89' lang='lat' dir='ltr'>cuius</span> <span class='ocrx_word' id='word_1_99' title='bbox 396 1042 488 1078; x_wconf 84' lang='lat' dir='ltr'>talis</span> <span class='ocrx_word' id='word_1_100' title='bbox 507 1043 635 1079; x_wconf 89' lang='lat' dir='ltr'>oratio</span> <span class='ocrx_word' id='word_1_101' title='bbox 655 1042 744 1081; x_wconf 76' lang='lat' dir='ltr'>fuit.</span> 
     </span>
    </p>
   </div>
   <div class='ocr_carea' id='block_1_3' title="bbox 163 1157 1501 2424">
    <p class='ocr_par' dir='ltr' id='par_1_3' title="bbox 163 1157 1501 2424">
     <span class='ocr_line' id='line_1_15' title="bbox 222 1157 1501 1210; baseline 0.002 -15"><span class='ocrx_word' id='word_1_102' title='bbox 222 1157 336 1197; x_wconf 91' lang='lat' dir='ltr'>XIII.</span> <span class='ocrx_word' id='word_1_103' title='bbox 369 1162 392 1179; x_wconf 90' lang='lat'><strong>“</strong></span> <span class='ocrx_word' id='word_1_104' title='bbox 406 1160 447 1196; x_wconf 80' lang='lat' dir='ltr'>Si</span> <span class='ocrx_word' id='word_1_105' title='bbox 467 1160 560 1196; x_wconf 84' lang='lat' dir='ltr'>civis</span> <span class='ocrx_word' id='word_1_106' title='bbox 580 1165 710 1197; x_wconf 84' lang='lat' dir='ltr'>vester</span> <span class='ocrx_word' id='word_1_107' title='bbox 728 1160 839 1207; x_wconf 92' lang='lat' dir='ltr'>Alco,</span> <span class='ocrx_word' id='word_1_108' title='bbox 860 1160 961 1197; x_wconf 84' lang='lat' dir='ltr'>sicut</span> <span class='ocrx_word' id='word_1_109' title='bbox 980 1160 1030 1197; x_wconf 89' lang='lat' dir='ltr'>ad</span> <span class='ocrx_word' id='word_1_110' title='bbox 1051 1173 1188 1210; x_wconf 86' lang='lat' dir='ltr'>pacem</span> <span class='ocrx_word' id='word_1_111' title='bbox 1207 1160 1419 1209; x_wconf 87' lang='lat' dir='ltr'>petendam</span> <span class='ocrx_word' id='word_1_112' title='bbox 1448 1160 1501 1197; x_wconf 88' lang='lat' dir='ltr'>ad</span> 
     </span>
     <span class='ocr_line' id='line_1_16' title="bbox 174 1220 1501 1270; baseline 0.001 -14"><span class='ocrx_word' id='word_1_113' title='bbox 174 1220 446 1257; x_wconf 85' lang='lat' dir='ltr'>Hannibalem</span> <span class='ocrx_word' id='word_1_114' title='bbox 480 1222 602 1267; x_wconf 86' lang='lat' dir='ltr'>venit,</span> <span class='ocrx_word' id='word_1_115' title='bbox 622 1222 682 1257; x_wconf 85' lang='lat' dir='ltr'>ita</span> <span class='ocrx_word' id='word_1_116' title='bbox 712 1221 819 1270; x_wconf 89' lang='lat' dir='ltr'>pacis</span> <span class='ocrx_word' id='word_1_117' title='bbox 838 1221 1082 1258; x_wconf 87' lang='lat' dir='ltr'>condiciones</span> <span class='ocrx_word' id='word_1_118' title='bbox 1111 1222 1163 1258; x_wconf 88' lang='lat' dir='ltr'>ab</span> <span class='ocrx_word' id='word_1_119' title='bbox 1193 1221 1422 1258; x_wconf 82' lang='lat' dir='ltr'>Hannibale</span> <span class='ocrx_word' id='word_1_120' title='bbox 1449 1220 1501 1258; x_wconf 85' lang='lat' dir='ltr'>ad</span> 
     </span>
     <span class='ocr_line' id='line_1_17' title="bbox 169 1281 1500 1330; baseline 0.002 -14"><span class='ocrx_word' id='word_1_121' title='bbox 169 1293 237 1317; x_wconf 66' lang='lat' dir='ltr'>vos</span> <span class='ocrx_word' id='word_1_122' title='bbox 264 1281 494 1326; x_wconf 82' lang='lat' dir='ltr'>rettulisset,</span> <span class='ocrx_word' id='word_1_123' title='bbox 524 1294 862 1330; x_wconf 82' lang='lat' dir='ltr'>supervacaneum</span> <span class='ocrx_word' id='word_1_124' title='bbox 894 1282 967 1318; x_wconf 87' lang='lat' dir='ltr'>hoc</span> <span class='ocrx_word' id='word_1_125' title='bbox 1004 1282 1103 1318; x_wconf 87' lang='lat' dir='ltr'>mihi</span> <span class='ocrx_word' id='word_1_126' title='bbox 1133 1281 1273 1318; x_wconf 87' lang='lat' dir='ltr'>fuisset</span> <span class='ocrx_word' id='word_1_127' title='bbox 1305 1282 1393 1328; x_wconf 90' lang='lat' dir='ltr'>iter,</span> <span class='ocrx_word' id='word_1_128' title='bbox 1422 1294 1500 1330; x_wconf 92' lang='lat' dir='ltr'>quo</span> 
     </span>
     <span class='ocr_line' id='line_1_18' title="bbox 168 1342 1497 1392; baseline 0.001 -14"><span class='ocrx_word' id='word_1_129' title='bbox 168 1354 240 1378; x_wconf 90' lang='lat' dir='ltr'>nec</span> <span class='ocrx_word' id='word_1_130' title='bbox 276 1346 411 1378; x_wconf 86' lang='lat' dir='ltr'>orator</span> <span class='ocrx_word' id='word_1_131' title='bbox 448 1342 691 1379; x_wconf 84' lang='lat' dir='ltr'>Hannibalis</span> <span class='ocrx_word' id='word_1_132' title='bbox 727 1355 800 1379; x_wconf 89' lang='lat' dir='ltr'>nec</span> <span class='ocrx_word' id='word_1_133' title='bbox 835 1342 1051 1392; x_wconf 83' lang='lat' dir='ltr'>transfuga</span> <span class='ocrx_word' id='word_1_134' title='bbox 1080 1343 1139 1391; x_wconf 27' lang='lat' dir='ltr'>*ad</span> <span class='ocrx_word' id='word_1_135' title='bbox 1174 1355 1242 1379; x_wconf 89' lang='lat' dir='ltr'>vos</span> <span class='ocrx_word' id='word_1_136' title='bbox 1278 1343 1497 1379; x_wconf 87' lang='lat' dir='ltr'>venissem:</span> 
     </span>
     <span class='ocr_line' id='line_1_19' title="bbox 171 1402 1498 1453; baseline 0 -14"><span class='ocrx_word' id='word_1_137' title='bbox 171 1404 206 1440; x_wconf 84' lang='lat'>2.</span> <span class='ocrx_word' id='word_1_138' title='bbox 236 1416 352 1450; x_wconf 86' lang='lat' dir='ltr'>nunc,</span> <span class='ocrx_word' id='word_1_139' title='bbox 373 1416 462 1440; x_wconf 86' lang='lat' dir='ltr'>cum</span> <span class='ocrx_word' id='word_1_140' title='bbox 492 1404 556 1440; x_wconf 85' lang='lat' dir='ltr'>ille</span> <span class='ocrx_word' id='word_1_141' title='bbox 575 1408 648 1440; x_wconf 86' lang='lat' dir='ltr'>aut</span> <span class='ocrx_word' id='word_1_142' title='bbox 678 1408 812 1441; x_wconf 78' lang='lat' dir='ltr'>vestra</span> <span class='ocrx_word' id='word_1_143' title='bbox 831 1408 904 1440; x_wconf 89' lang='lat' dir='ltr'>aut</span> <span class='ocrx_word' id='word_1_144' title='bbox 936 1417 1007 1441; x_wconf 83' lang='lat' dir='ltr'>sua</span> <span class='ocrx_word' id='word_1_145' title='bbox 1027 1405 1144 1452; x_wconf 87' lang='lat' dir='ltr'>culpa</span> <span class='ocrx_word' id='word_1_146' title='bbox 1173 1403 1364 1441; x_wconf 84' lang='lat' dir='ltr'>manserit</span> <span class='ocrx_word' id='word_1_147' title='bbox 1392 1402 1498 1453; x_wconf 86' lang='lat' dir='ltr'>apud</span> 
     </span>
     <span class='ocr_line' id='line_1_20' title="bbox 168 1463 1498 1514; baseline 0 -14"><span class='ocrx_word' id='word_1_148' title='bbox 168 1463 458 1510; x_wconf 81' lang='lat' dir='ltr'>hostem—sua,</span> <span class='ocrx_word' id='word_1_149' title='bbox 478 1464 511 1500; x_wconf 89' lang='lat' dir='ltr'>si</span> <span class='ocrx_word' id='word_1_150' title='bbox 540 1469 690 1501; x_wconf 85' lang='lat' dir='ltr'>metum</span> <span class='ocrx_word' id='word_1_151' title='bbox 723 1465 939 1511; x_wconf 81' lang='lat' dir='ltr'>simulavit,</span> <span class='ocrx_word' id='word_1_152' title='bbox 961 1469 1106 1510; x_wconf 84' lang='lat' dir='ltr'>vestra,</span> <span class='ocrx_word' id='word_1_153' title='bbox 1127 1466 1160 1501; x_wconf 91' lang='lat' dir='ltr'>si</span> <span class='ocrx_word' id='word_1_154' title='bbox 1190 1465 1410 1514; x_wconf 87' lang='lat' dir='ltr'>periculum</span> <span class='ocrx_word' id='word_1_155' title='bbox 1437 1468 1498 1502; x_wconf 85' lang='lat' dir='ltr'>est</span> 
     </span>
     <span class='ocr_line' id='line_1_21' title="bbox 167 1524 1499 1574; baseline 0.002 -14"><span class='ocrx_word' id='word_1_156' title='bbox 167 1525 274 1573; x_wconf 87' lang='lat' dir='ltr'>apud</span> <span class='ocrx_word' id='word_1_157' title='bbox 294 1537 360 1561; x_wconf 76' lang='lat' dir='ltr'>vos</span> <span class='ocrx_word' id='word_1_158' title='bbox 379 1537 471 1561; x_wconf 78' lang='lat' dir='ltr'>vera</span> <span class='ocrx_word' id='word_1_159' title='bbox 490 1524 891 1574; x_wconf 85' lang='lat' dir='ltr'>referentibus—ego,</span> <span class='ocrx_word' id='word_1_160' title='bbox 912 1538 961 1562; x_wconf 87' lang='lat' dir='ltr'>ne</span> <span class='ocrx_word' id='word_1_161' title='bbox 990 1526 1225 1574; x_wconf 70' lang='lat' dir='ltr'>ignoraretis</span> <span class='ocrx_word' id='word_1_162' title='bbox 1244 1537 1325 1562; x_wconf 84' lang='grc'><strong>6556</strong></span> <span class='ocrx_word' id='word_1_163' title='bbox 1344 1524 1499 1573; x_wconf 85' lang='lat' dir='ltr'>aliquas</span> 
     </span>
     <span class='ocr_line' id='line_1_22' title="bbox 165 1585 1496 1634; baseline 0.001 -13"><span class='ocrx_word' id='word_1_164' title='bbox 165 1590 209 1622; x_wconf 83' lang='lat' dir='ltr'>et</span> <span class='ocrx_word' id='word_1_165' title='bbox 236 1585 377 1622; x_wconf 73' lang='lat' dir='ltr'>salutis</span> <span class='ocrx_word' id='word_1_166' title='bbox 403 1589 444 1622; x_wconf 86' lang='lat' dir='ltr'>et</span> <span class='ocrx_word' id='word_1_167' title='bbox 475 1587 583 1634; x_wconf 84' lang='lat' dir='ltr'>pacis</span> <span class='ocrx_word' id='word_1_168' title='bbox 610 1587 718 1622; x_wconf 80' lang='lat' dir='ltr'>vobis</span> <span class='ocrx_word' id='word_1_169' title='bbox 747 1587 998 1632; x_wconf 85' lang='lat' dir='ltr'>condiciones,</span> <span class='ocrx_word' id='word_1_170' title='bbox 1028 1599 1098 1634; x_wconf 90' lang='lat' dir='ltr'>pro</span> <span class='ocrx_word' id='word_1_171' title='bbox 1131 1590 1288 1623; x_wconf 85' lang='lat' dir='ltr'>vetusto</span> <span class='ocrx_word' id='word_1_172' title='bbox 1316 1585 1496 1634; x_wconf 85' lang='lat' dir='ltr'>hospitio,</span> 
     </span>
     <span class='ocr_line' id='line_1_23' title="bbox 168 1646 1497 1695; baseline 0 -13"><span class='ocrx_word' id='word_1_173' title='bbox 168 1659 253 1695; x_wconf 70' lang='lat' dir='ltr'>quot</span> <span class='ocrx_word' id='word_1_174' title='bbox 310 1646 407 1682; x_wconf 76' lang='lat' dir='ltr'>mihi</span> <span class='ocrx_word' id='word_1_175' title='bbox 438 1647 636 1683; x_wconf 83' lang='lat' dir='ltr'>vobiscum</span> <span class='ocrx_word' id='word_1_176' title='bbox 668 1651 739 1693; x_wconf 86' lang='grc'><strong>6513,</strong></span> <span class='ocrx_word' id='word_1_177' title='bbox 772 1647 824 1683; x_wconf 88' lang='lat' dir='ltr'>ad</span> <span class='ocrx_word' id='word_1_178' title='bbox 856 1660 924 1683; x_wconf 80' lang='lat' dir='ltr'>vos</span> <span class='ocrx_word' id='word_1_179' title='bbox 957 1648 1058 1683; x_wconf 86' lang='lat' dir='ltr'>veni.</span> <span class='ocrx_word' id='word_1_180' title='bbox 1116 1648 1150 1683; x_wconf 88' lang='lat'>3.</span> <span class='ocrx_word' id='word_1_181' title='bbox 1183 1647 1330 1683; x_wconf 83' lang='lat' dir='ltr'>Vestra</span> <span class='ocrx_word' id='word_1_182' title='bbox 1361 1650 1497 1683; x_wconf 87' lang='lat' dir='ltr'>autem</span> 
     </span>
     <span class='ocr_line' id='line_1_24' title="bbox 168 1707 1498 1756; baseline 0.001 -13"><span class='ocrx_word' id='word_1_183' title='bbox 168 1720 288 1744; x_wconf 86' lang='lat' dir='ltr'>causa</span> <span class='ocrx_word' id='word_1_184' title='bbox 306 1720 368 1743; x_wconf 89' lang='lat' dir='ltr'>me</span> <span class='ocrx_word' id='word_1_185' title='bbox 388 1719 458 1743; x_wconf 91' lang='lat' dir='ltr'>nec</span> <span class='ocrx_word' id='word_1_186' title='bbox 477 1708 595 1744; x_wconf 81' lang='lat' dir='ltr'>ullius</span> <span class='ocrx_word' id='word_1_187' title='bbox 615 1708 779 1744; x_wconf 83' lang='lat' dir='ltr'>alterius</span> <span class='ocrx_word' id='word_1_188' title='bbox 798 1708 915 1756; x_wconf 87' lang='lat' dir='ltr'>loqui,</span> <span class='ocrx_word' id='word_1_189' title='bbox 938 1720 1037 1756; x_wconf 84' lang='lat' dir='ltr'>quae</span> <span class='ocrx_word' id='word_1_190' title='bbox 1057 1707 1194 1756; x_wconf 85' lang='lat' dir='ltr'>loquor</span> <span class='ocrx_word' id='word_1_191' title='bbox 1211 1707 1316 1756; x_wconf 91' lang='lat' dir='ltr'>apud</span> <span class='ocrx_word' id='word_1_192' title='bbox 1335 1719 1415 1754; x_wconf 85' lang='lat' dir='ltr'>vos,</span> <span class='ocrx_word' id='word_1_193' title='bbox 1434 1707 1498 1744; x_wconf 89' lang='lat' dir='ltr'>vel</span> 
     </span>
     <span class='ocr_line' id='line_1_25' title="bbox 164 1768 1495 1817; baseline 0 -13"><span class='ocrx_word' id='word_1_194' title='bbox 164 1780 214 1804; x_wconf 87' lang='lat' dir='ltr'>ea</span> <span class='ocrx_word' id='word_1_195' title='bbox 234 1768 327 1804; x_wconf 83' lang='lat' dir='ltr'>fides</span> <span class='ocrx_word' id='word_1_196' title='bbox 346 1768 407 1812; x_wconf 84' lang='lat' dir='ltr'>sit,</span> <span class='ocrx_word' id='word_1_197' title='bbox 430 1769 532 1817; x_wconf 88' lang='lat' dir='ltr'>quod</span> <span class='ocrx_word' id='word_1_198' title='bbox 552 1781 678 1817; x_wconf 91' lang='lat' dir='ltr'>neque</span> <span class='ocrx_word' id='word_1_199' title='bbox 698 1769 790 1805; x_wconf 89' lang='lat' dir='ltr'>dum</span> <span class='ocrx_word' id='word_1_200' title='bbox 810 1769 951 1805; x_wconf 85' lang='lat' dir='ltr'>vestris</span> <span class='ocrx_word' id='word_1_201' title='bbox 970 1768 1120 1804; x_wconf 79' lang='lat' dir='ltr'>Viribus</span> <span class='ocrx_word' id='word_1_202' title='bbox 1139 1768 1353 1815; x_wconf 83' lang='lat' dir='ltr'>restitistis,</span> <span class='ocrx_word' id='word_1_203' title='bbox 1367 1780 1495 1817; x_wconf 86' lang='lat' dir='ltr'>neque</span> 
     </span>
     <span class='ocr_line' id='line_1_26' title="bbox 166 1829 1497 1878; baseline 0.001 -14"><span class='ocrx_word' id='word_1_204' title='bbox 166 1829 260 1864; x_wconf 84' lang='lat' dir='ltr'>dum</span> <span class='ocrx_word' id='word_1_205' title='bbox 280 1829 431 1864; x_wconf 81' lang='lat' dir='ltr'>auxilia</span> <span class='ocrx_word' id='word_1_206' title='bbox 451 1830 501 1865; x_wconf 90' lang='lat' dir='ltr'>ab</span> <span class='ocrx_word' id='word_1_207' title='bbox 522 1829 712 1865; x_wconf 84' lang='lat' dir='ltr'>Romanis</span> <span class='ocrx_word' id='word_1_208' title='bbox 731 1830 928 1878; x_wconf 70' lang='lat' dir='ltr'>sperastis,</span> <span class='ocrx_word' id='word_1_209' title='bbox 951 1829 1056 1877; x_wconf 85' lang='lat' dir='ltr'>pacis</span> <span class='ocrx_word' id='word_1_210' title='bbox 1084 1842 1274 1878; x_wconf 86' lang='lat' dir='ltr'>umquam</span> <span class='ocrx_word' id='word_1_211' title='bbox 1294 1829 1400 1878; x_wconf 86' lang='lat' dir='ltr'>apud</span> <span class='ocrx_word' id='word_1_212' title='bbox 1428 1841 1497 1865; x_wconf 89' lang='lat' dir='ltr'>vos</span> 
     </span>
     <span class='ocr_line' id='line_1_27' title="bbox 167 1889 1495 1938; baseline 0.001 -14"><span class='ocrx_word' id='word_1_213' title='bbox 167 1890 406 1925; x_wconf 73' lang='lat' dir='ltr'>mentionem</span> <span class='ocrx_word' id='word_1_214' title='bbox 425 1889 509 1926; x_wconf 80' lang='lat' dir='ltr'>feci.</span> <span class='ocrx_word' id='word_1_215' title='bbox 567 1890 602 1926; x_wconf 86' lang='lat'>4.</span> <span class='ocrx_word' id='word_1_216' title='bbox 634 1890 849 1938; x_wconf 84' lang='lat' dir='ltr'>Postquam</span> <span class='ocrx_word' id='word_1_217' title='bbox 878 1903 950 1926; x_wconf 90' lang='lat' dir='ltr'>nec</span> <span class='ocrx_word' id='word_1_218' title='bbox 977 1891 1028 1926; x_wconf 88' lang='lat' dir='ltr'>ab</span> <span class='ocrx_word' id='word_1_219' title='bbox 1057 1890 1250 1927; x_wconf 84' lang='lat' dir='ltr'>Romanis</span> <span class='ocrx_word' id='word_1_220' title='bbox 1276 1890 1385 1927; x_wconf 85' lang='lat' dir='ltr'>Vobis</span> <span class='ocrx_word' id='word_1_221' title='bbox 1412 1889 1495 1926; x_wconf 87' lang='lat' dir='ltr'>ulla</span> 
     </span>
     <span class='ocr_line' id='line_1_28' title="bbox 163 1950 1496 1998; baseline 0.001 -13"><span class='ocrx_word' id='word_1_222' title='bbox 163 1954 227 1985; x_wconf 80' lang='lat' dir='ltr'>est</span> <span class='ocrx_word' id='word_1_223' title='bbox 254 1962 352 1998; x_wconf 86' lang='lat' dir='ltr'>spes,</span> <span class='ocrx_word' id='word_1_224' title='bbox 381 1962 452 1987; x_wconf 90' lang='lat' dir='ltr'>nec</span> <span class='ocrx_word' id='word_1_225' title='bbox 485 1955 617 1987; x_wconf 85' lang='lat' dir='ltr'>vestra</span> <span class='ocrx_word' id='word_1_226' title='bbox 649 1963 717 1987; x_wconf 89' lang='lat' dir='ltr'>vos</span> <span class='ocrx_word' id='word_1_227' title='bbox 735 1951 815 1987; x_wconf 89' lang='lat' dir='ltr'>iam</span> <span class='ocrx_word' id='word_1_228' title='bbox 852 1955 925 1987; x_wconf 87' lang='lat' dir='ltr'>aut</span> <span class='ocrx_word' id='word_1_229' title='bbox 957 1964 1070 1987; x_wconf 88' lang='lat' dir='ltr'>arma</span> <span class='ocrx_word' id='word_1_230' title='bbox 1107 1955 1180 1987; x_wconf 86' lang='lat' dir='ltr'>aut</span> <span class='ocrx_word' id='word_1_231' title='bbox 1208 1951 1362 1988; x_wconf 86' lang='lat' dir='ltr'>moenia</span> <span class='ocrx_word' id='word_1_232' title='bbox 1399 1950 1496 1986; x_wconf 83' lang='lat' dir='ltr'>satis</span> 
     </span>
     <span class='ocr_line' id='line_1_29' title="bbox 167 2009 1495 2060; baseline 0 -14"><span class='ocrx_word' id='word_1_233' title='bbox 167 2009 397 2057; x_wconf 81' lang='lat' dir='ltr'>defendunt,</span> <span class='ocrx_word' id='word_1_234' title='bbox 426 2023 563 2060; x_wconf 88' lang='lat' dir='ltr'>pacem</span> <span class='ocrx_word' id='word_1_235' title='bbox 591 2011 727 2048; x_wconf 86' lang='lat' dir='ltr'>adfero</span> <span class='ocrx_word' id='word_1_236' title='bbox 755 2011 806 2048; x_wconf 90' lang='lat' dir='ltr'>ad</span> <span class='ocrx_word' id='word_1_237' title='bbox 834 2024 902 2048; x_wconf 85' lang='lat' dir='ltr'>vos</span> <span class='ocrx_word' id='word_1_238' title='bbox 933 2012 1058 2060; x_wconf 81' lang='lat' dir='ltr'>magis</span> <span class='ocrx_word' id='word_1_239' title='bbox 1086 2012 1346 2048; x_wconf 81' lang='lat' dir='ltr'>necessariam</span> <span class='ocrx_word' id='word_1_240' title='bbox 1375 2023 1495 2059; x_wconf 84' lang='lat' dir='ltr'>quam</span> 
     </span>
     <span class='ocr_line' id='line_1_30' title="bbox 166 2071 1496 2121; baseline -0.001 -14"><span class='ocrx_word' id='word_1_241' title='bbox 166 2084 345 2119; x_wconf 85' lang='lat' dir='ltr'>aequam.</span> <span class='ocrx_word' id='word_1_242' title='bbox 404 2073 439 2108; x_wconf 85' lang='lat'>5.</span> <span class='ocrx_word' id='word_1_243' title='bbox 470 2072 591 2108; x_wconf 78' lang='lat' dir='ltr'>Cuius</span> <span class='ocrx_word' id='word_1_244' title='bbox 621 2073 680 2108; x_wconf 86' lang='lat' dir='ltr'>ita</span> <span class='ocrx_word' id='word_1_245' title='bbox 710 2072 846 2121; x_wconf 87' lang='lat' dir='ltr'>aliqua</span> <span class='ocrx_word' id='word_1_246' title='bbox 882 2085 970 2121; x_wconf 83' lang='lat' dir='ltr'>spes</span> <span class='ocrx_word' id='word_1_247' title='bbox 1002 2077 1072 2118; x_wconf 85' lang='lat' dir='ltr'>est,</span> <span class='ocrx_word' id='word_1_248' title='bbox 1101 2073 1135 2109; x_wconf 87' lang='lat' dir='ltr'>si</span> <span class='ocrx_word' id='word_1_249' title='bbox 1166 2085 1266 2118; x_wconf 84' lang='lat' dir='ltr'>eam,</span> <span class='ocrx_word' id='word_1_250' title='bbox 1298 2084 1414 2121; x_wconf 87' lang='lat' dir='ltr'>quem</span> <span class='ocrx_word' id='word_1_251' title='bbox 1446 2071 1496 2107; x_wconf 84' lang='lat' dir='ltr'>ad</span> 
     </span>
     <span class='ocr_line' id='line_1_31' title="bbox 166 2131 1494 2178; baseline -0.001 -10"><span class='ocrx_word' id='word_1_252' title='bbox 166 2133 326 2168; x_wconf 86' lang='lat' dir='ltr'>modum</span> <span class='ocrx_word' id='word_1_253' title='bbox 354 2136 400 2168; x_wconf 90' lang='lat' dir='ltr'>ut</span> <span class='ocrx_word' id='word_1_254' title='bbox 428 2133 555 2169; x_wconf 82' lang='lat' dir='ltr'>victor</span> <span class='ocrx_word' id='word_1_255' title='bbox 583 2132 662 2169; x_wconf 85' lang='lat' dir='ltr'>fert</span> <span class='ocrx_word' id='word_1_256' title='bbox 692 2133 912 2178; x_wconf 85' lang='lat' dir='ltr'>Hannibal,</span> <span class='ocrx_word' id='word_1_257' title='bbox 941 2133 994 2169; x_wconf 90' lang='lat' dir='ltr'>sic</span> <span class='ocrx_word' id='word_1_258' title='bbox 1023 2146 1089 2170; x_wconf 89' lang='lat' dir='ltr'>vos</span> <span class='ocrx_word' id='word_1_259' title='bbox 1117 2136 1163 2169; x_wconf 88' lang='lat' dir='ltr'>ut</span> <span class='ocrx_word' id='word_1_260' title='bbox 1191 2132 1286 2169; x_wconf 83' lang='lat' dir='ltr'>victi</span> <span class='ocrx_word' id='word_1_261' title='bbox 1313 2131 1494 2177; x_wconf 87' lang='lat' dir='ltr'>audietis,</span> 
     </span>
     <span class='ocr_line' id='line_1_32' title="bbox 164 2193 1496 2242; baseline -0.001 -13"><span class='ocrx_word' id='word_1_262' title='bbox 164 2197 207 2229; x_wconf 87' lang='lat' dir='ltr'>et</span> <span class='ocrx_word' id='word_1_263' title='bbox 234 2207 313 2230; x_wconf 88' lang='lat' dir='ltr'>non</span> <span class='ocrx_word' id='word_1_264' title='bbox 341 2193 392 2240; x_wconf 85' lang='lat' dir='ltr'>id,</span> <span class='ocrx_word' id='word_1_265' title='bbox 423 2194 525 2242; x_wconf 83' lang='lat' dir='ltr'>quod</span> <span class='ocrx_word' id='word_1_266' title='bbox 554 2194 769 2240; x_wconf 85' lang='lat' dir='ltr'>amittitur,</span> <span class='ocrx_word' id='word_1_267' title='bbox 798 2194 841 2230; x_wconf 86' lang='lat' dir='ltr'>in</span> <span class='ocrx_word' id='word_1_268' title='bbox 869 2195 1026 2240; x_wconf 89' lang='lat' dir='ltr'>damno,</span> <span class='ocrx_word' id='word_1_269' title='bbox 1060 2207 1149 2230; x_wconf 90' lang='lat' dir='ltr'>cum</span> <span class='ocrx_word' id='word_1_270' title='bbox 1177 2193 1310 2230; x_wconf 85' lang='lat' dir='ltr'>omnia</span> <span class='ocrx_word' id='word_1_271' title='bbox 1337 2193 1496 2229; x_wconf 85' lang='lat' dir='ltr'>victoris</span> 
     </span>
     <span class='ocr_line' id='line_1_33' title="bbox 165 2253 1493 2304; baseline 0 -15"><span class='ocrx_word' id='word_1_272' title='bbox 165 2254 260 2299; x_wconf 82' lang='lat' dir='ltr'>sint,</span> <span class='ocrx_word' id='word_1_273' title='bbox 289 2253 355 2291; x_wconf 88' lang='lat' dir='ltr'>sed</span> <span class='ocrx_word' id='word_1_274' title='bbox 383 2255 573 2303; x_wconf 85' lang='lat' dir='ltr'>quidquid</span> <span class='ocrx_word' id='word_1_275' title='bbox 603 2255 843 2304; x_wconf 74' lang='lat' dir='ltr'>relinquitur</span> <span class='ocrx_word' id='word_1_276' title='bbox 872 2267 942 2303; x_wconf 90' lang='lat' dir='ltr'>pro</span> <span class='ocrx_word' id='word_1_277' title='bbox 979 2267 1143 2291; x_wconf 88' lang='lat' dir='ltr'>munere</span> <span class='ocrx_word' id='word_1_278' title='bbox 1172 2253 1352 2290; x_wconf 87' lang='lat' dir='ltr'>habituri</span> <span class='ocrx_word' id='word_1_279' title='bbox 1387 2253 1493 2289; x_wconf 87' lang='lat' dir='ltr'>estis.</span> 
     </span>
     <span class='ocr_line' id='line_1_34' title="bbox 166 2314 1494 2364; baseline -0.002 -13"><span class='ocrx_word' id='word_1_280' title='bbox 166 2314 203 2350; x_wconf 87' lang='grc'>6.</span> <span class='ocrx_word' id='word_1_281' title='bbox 233 2314 386 2351; x_wconf 89' lang='lat' dir='ltr'>Urbem</span> <span class='ocrx_word' id='word_1_282' title='bbox 415 2316 534 2360; x_wconf 81' lang='lat' dir='ltr'>vobis,</span> <span class='ocrx_word' id='word_1_283' title='bbox 565 2328 685 2364; x_wconf 88' lang='lat' dir='ltr'>quam</span> <span class='ocrx_word' id='word_1_284' title='bbox 719 2328 767 2351; x_wconf 79' lang='lat' dir='ltr'>ex</span> <span class='ocrx_word' id='word_1_285' title='bbox 799 2328 945 2364; x_wconf 79' lang='lat' dir='ltr'>magna</span> <span class='ocrx_word' id='word_1_286' title='bbox 977 2319 1090 2364; x_wconf 88' lang='lat' dir='ltr'>parte</span> <span class='ocrx_word' id='word_1_287' title='bbox 1121 2314 1308 2361; x_wconf 86' lang='lat' dir='ltr'>dirutam,</span> <span class='ocrx_word' id='word_1_288' title='bbox 1337 2317 1494 2362; x_wconf 74' lang='lat' dir='ltr'>captam</span> 
     </span>
     <span class='ocr_line' id='line_1_35' title="bbox 166 2374 1494 2424; baseline -0.002 -13"><span class='ocrx_word' id='word_1_289' title='bbox 166 2374 249 2411; x_wconf 83' lang='lat' dir='ltr'>fere</span> <span class='ocrx_word' id='word_1_290' title='bbox 276 2379 404 2412; x_wconf 84' lang='lat' dir='ltr'>totam</span> <span class='ocrx_word' id='word_1_291' title='bbox 434 2376 566 2422; x_wconf 87' lang='lat' dir='ltr'>habet,</span> <span class='ocrx_word' id='word_1_292' title='bbox 600 2376 751 2421; x_wconf 83' lang='lat' dir='ltr'>adimit,</span> <span class='ocrx_word' id='word_1_293' title='bbox 781 2388 895 2424; x_wconf 80' lang='lat' dir='ltr'>agros</span> <span class='ocrx_word' id='word_1_294' title='bbox 926 2375 1128 2423; x_wconf 76' lang='lat' dir='ltr'>relinquit,</span> <span class='ocrx_word' id='word_1_295' title='bbox 1156 2374 1284 2411; x_wconf 90' lang='lat' dir='ltr'>locum</span> <span class='ocrx_word' id='word_1_296' title='bbox 1316 2374 1494 2421; x_wconf 86' lang='lat' dir='ltr'>adsigna-</span> 
     </span>
    </p>
   </div>
  </div>
 </body>
</html>
