1679 2553
193 198 242 234 20
744 205 850 241 ΜΠ,
878 205 959 232 XXI.

190 300 242 336 ab
273 299 385 336 domo
416 297 578 335 futurus
609 300 776 346 uterque
806 297 928 344 miles,
962 297 1072 334 velut
1101 297 1250 334 mutuis
1282 298 1510 347 pigneribus

188 360 365 410 obligati,
420 358 615 408 stipendia
658 358 848 395 facerent.
908 359 968 395 12.
998 359 1197 395 Tredecim
1244 359 1352 395 milia
1388 360 1509 397 octin-

187 426 325 471 gentos
353 421 644 470 quinquaginta
672 420 824 469 pedites
854 424 1051 457 caetratos
1079 421 1186 457 misit
1205 421 1248 456 in
1268 420 1449 457 Africam
1467 425 1508 458 et

187 484 406 520 funditores
424 482 599 519 Baliares
626 483 872 531 octingentos
900 482 1168 532 septuaginta,
1189 482 1339 530 equites
1366 483 1511 519 mixtos

187 558 236 582 ex
253 544 389 580 multis
414 544 597 592 gentibus
625 543 732 580 mille
759 544 956 580 ducentos.
1016 544 1076 581 13.
1107 543 1196 580 Has
1214 543 1342 591 copias
1359 544 1508 592 partim

188 605 421 654 Carthagini
458 604 651 653 praesidio
688 617 780 650 esse,
814 605 963 654 partim
1001 604 1183 641 distribui
1220 617 1290 653 per
1325 603 1508 641 Africam

186 668 308 704 iubet.
366 666 491 703 Simul
521 666 848 714 conquisitoribus
877 666 920 702 in
953 667 1133 702 civitates
1162 666 1289 702 missis
1318 670 1509 714 quattuor

187 729 296 766 milia
321 728 540 776 conscripta
570 727 742 764 delectae
771 727 1003 774 iuventutis,
1024 727 1262 776 praesidium
1289 727 1442 764 eosdem
1467 731 1511 764 et

187 789 347 836 obsides,
366 789 456 826 duci
475 788 760 837 Carthaginem
779 789 901 825 iubet.

238 907 366 946 XXII.
395 909 535 958 Neque
554 909 794 959 Hispaniam
814 909 1097 958 neglegendam
1122 912 1245 955 ratus,
1266 913 1386 958 atque
1403 909 1444 946 id
1463 922 1510 946 eo

186 971 328 1016 minus,
347 969 451 1018 quod
468 969 574 1006 haud
592 970 755 1019 ignarus
773 974 860 1006 erat
878 971 1122 1007 circumitam
1141 971 1192 1007 ab
1212 971 1401 1007 Romanis
1418 983 1506 1007 eam

186 1032 328 1081 legatis
355 1031 406 1067 ad
434 1031 696 1067 sollicitandos
715 1031 937 1081 principum
957 1032 1121 1078 animos,
1160 1030 1234 1081 (2.)
1263 1032 1507 1068 Hasdrubali

186 1093 317 1139 fratri,
350 1092 433 1129 viro
464 1093 630 1142 inpigro,
669 1105 757 1129 eam
795 1093 1035 1141 provinciam
1071 1093 1256 1138 destinat,
1294 1093 1509 1142 firmatque

186 1155 336 1192 Africis
378 1154 548 1190 maxime
597 1153 810 1203 praesidiis,
860 1154 1037 1202 peditum
1084 1153 1277 1190 Afrorum
1327 1154 1506 1191 undecim

187 1217 344 1254 milibus
361 1215 597 1264 octingentis
615 1215 918 1264 quinquaginta,
951 1215 1163 1264 Liguribus
1181 1216 1380 1261 trecentis,
1402 1216 1507 1252 Bali-

186 1279 321 1316 aribus
356 1277 593 1326 quingentis.
663 1277 697 1313 3.
737 1276 805 1313 Ad
841 1277 936 1312 haec
977 1277 1174 1325 peditum‚
1195 1277 1343 1313 auxilia
1380 1277 1506 1314 additi

188 1340 337 1389 equites
386 1338 704 1386 Libyphoenices,
756 1338 926 1374 mixtum
973 1337 1167 1374 Punicum
1209 1337 1323 1374 Afris
1367 1351 1503 1388 genus,

187 1400 465 1452 quadringenti
493 1399 784 1448 quinquaginta
811 1402 852 1436 et
878 1399 1078 1436 Numidae
1107 1400 1329 1448 Maurique,
1350 1400 1503 1436 accolae

188 1461 341 1506 Oceani,
368 1460 418 1496 ad
446 1460 552 1496 mille
578 1460 795 1509 octingenti
821 1464 860 1497 et
887 1473 1011 1509 parva
1042 1461 1257 1509 Ilergetum
1287 1473 1429 1496 manus
1455 1473 1507 1498 ex

189 1522 397 1572 Hispania,
430 1521 597 1558 trecenti
634 1522 784 1570 equites
821 1525 871 1567 et,
901 1533 952 1557 ne
987 1522 1091 1570 quod
1127 1522 1326 1558 terrestris
1357 1522 1504 1559 deesset

188 1584 324 1622 auxilii
351 1595 486 1632 genus,
506 1583 706 1632 elephanti
733 1583 876 1632 viginti
904 1596 1016 1620 unus.
1073 1583 1109 1620 4.
1139 1584 1281 1620 Classis
1298 1587 1504 1632 praeterea

187 1649 282 1684 data
312 1645 363 1681 ad
389 1644 579 1680 tuendam
608 1645 862 1680 maritumam
889 1657 1010 1688 oram,
1032 1645 1137 1693 quia,
1163 1658 1241 1693 qua
1271 1648 1386 1693 parte
1412 1645 1506 1682 belli

188 1710 374 1751 vicerant,
413 1718 459 1741 ea
496 1709 583 1742 tum
620 1718 773 1755 quoque
808 1718 892 1742 rem
937 1709 1113 1754 gesturos
1156 1706 1356 1742 Romanos
1400 1706 1505 1743 credi

187 1772 356 1820 poterat,
403 1767 693 1816 quinquaginta
732 1767 1040 1816 quinqueremes,
1078 1768 1346 1816 quadriremes
1390 1767 1503 1814 duae,

187 1833 367 1869 triremes
386 1829 557 1878 quinque
569 1843 579 1876 3
608 1829 674 1866 sed
701 1833 820 1878 aptae
846 1830 1138 1878 instructaeque
1158 1829 1318 1877 remigio
1336 1829 1504 1878 triginta

188 1898 229 1930 et
247 1892 344 1929 duae
363 1890 662 1939 quinqueremes
679 1894 794 1927 erant
813 1894 853 1927 et
872 1891 1052 1927 triremes
1069 1891 1251 1940 quinque.

242 1955 276 1992 5.
306 1953 371 1989 Ab
392 1950 572 1990 Gadibus
599 1952 882 2001 Carthaginem
902 1951 954 1988 ad
974 1951 1139 1988 hiberna
1168 1953 1361 1988 exercitus
1378 1952 1504 1998 redit3

188 2020 308 2064 atque
327 2015 416 2052 inde
444 2014 641 2064 profectus
659 2018 818 2063 praeter
846 2015 1040 2051 Onussam
1059 2014 1196 2050 urbem
1228 2013 1278 2050 ad
1306 2014 1503 2050 Hiberum

189 2077 402 2112 marituma
435 2089 503 2112 ora
524 2076 641 2112 ducit.
698 2076 733 2112 6.
763 2076 826 2112 Ibi
857 2075 968 2112 fama
987 2079 1047 2112 est
1073 2075 1115 2111 in
1143 2075 1274 2124 quiete
1300 2075 1427 2111 visum
1453 2075 1503 2110 ab

189 2151 233 2174 eo
259 2139 440 2174 iuvenem
471 2137 602 2173 divina
633 2137 766 2185 specie,
787 2137 856 2185 qui
887 2150 926 2173 se
944 2137 995 2173 ab
1023 2137 1117 2174 Iove
1136 2136 1280 2173 diceret
1299 2136 1434 2172 ducem
1460 2135 1505 2172 in

189 2200 351 2236 Italiam
400 2198 619 2235 Hannibali
664 2199 850 2245 missum,
896 2198 1058 2247 proinde
1104 2203 1332 2247 sequeretur
1376 2210 1503 2246 neque

189 2274 354 2309 usquam
375 2273 398 2296 a
418 2273 457 2297 se
476 2260 698 2296 deflecteret
717 2260 855 2296 oculos.
905 2260 938 2296 7.
961 2259 1153 2296 Pavidum
1165 2260 1290 2308 primo
1308 2271 1503 2307 nusquam

189 2323 562 2371 circumspicientem
599 2326 670 2358 aut
707 2322 977 2370 respicientem
1013 2325 1214 2367 secutum,
1245 2320 1381 2357 deinde
1409 2332 1502 2356 cura

187 2385 335 2432 ingenii
354 2384 526 2429 humani,
539 2396 641 2430 cum,
660 2383 847 2432 quidnam
858 2383 897 2419 id
916 2386 1027 2429 esset,
1040 2382 1141 2431 quod
1156 2383 1344 2430 respicere
1357 2381 1504 2418 vetitus
