1679 2553
179 200 229 236 24
726 215 830 251 mvr,
859 215 928 240 xxi

178 316 375 352 superasse
412 304 632 352 Pyrenaeos
668 306 821 342 montis,
893 307 928 343 5.
967 307 1091 351 Quem
1137 311 1183 343 ut
1223 308 1270 344 de
1308 307 1489 346 Rhodani

178 378 329 414 quoque
348 366 520 401 transitu
547 367 698 414 agitare
726 367 1017 414 animadvertit,
1044 369 1229 416 incertus,
1257 382 1426 418 quonam
1454 371 1491 407 ei

179 427 259 462 loco
278 430 506 473 occurreret,
526 427 688 464 necdum
707 429 802 464 satis
816 429 971 465 refectis
982 430 1032 465 ab
1045 430 1256 467 iactatione
1275 431 1491 468 marituma

180 489 379 534 militibus,
413 492 606 525 trecentos
637 490 797 526 interim
828 490 994 527 delectos
1021 491 1172 540 equites
1198 492 1360 529 ducibus
1387 492 1492 529 Mas-

180 549 396 585 siliensibus
441 553 480 585 et
525 550 779 586 auxiliaribus
819 551 943 587 Gallis
984 551 1035 587 ad
1077 552 1316 601 exploranda
1357 554 1492 590 omnia

182 610 430 658 visendosque
449 622 498 646 ex
515 614 603 646 tuto
622 610 750 647 hostes
768 612 1001 659 praemittit.
1058 612 1092 649 6.
1125 613 1329 650 Hannibal
1354 614 1494 650 ceteris

181 675 287 707 metu
307 675 378 707 aut
398 671 523 719 pretio
539 672 687 720 pacatis
705 672 783 708 iam
801 673 843 708 in
855 673 1070 709 Volcarum
1088 679 1322 722 pervenerat
1340 688 1492 724 agrum,

181 733 308 779 gentis
326 732 486 768 validae.
530 732 672 768 Colunt
697 736 831 769 autem
859 733 959 769 circa
986 739 1197 783 utramque
1228 736 1357 784 ripam
1389 737 1494 773 Rho-

182 793 296 839 dani,
337 793 402 829 sed
431 793 543 829 diffisi
580 794 758 830 citeriore
794 807 888 843 agro
920 795 1043 831 arceri
1079 796 1254 833 Poenum
1289 809 1408 846 posse,
1445 801 1494 834 ut

183 855 328 890 fiumen
346 868 415 903 pro
434 855 676 892 munimento
695 856 894 902 haberent,
921 857 1100 894 omnibus
1126 858 1249 894 ferme
1275 859 1354 894 suis
1379 861 1494 895 trans

185 916 420 952 Rhodanum
438 917 611 953 traiectis
638 917 862 954 ulteriorem
889 919 1014 967 ripam
1042 920 1170 955 amnis
1196 920 1316 955 armis
1342 920 1492 956 obtine-

183 978 290 1014 bant.
361 977 394 1015 7.
425 978 580 1015 Ceteros
622 979 770 1015 accolas
812 980 984 1016 fluminis
1029 981 1235 1017 Hannibal
1275 985 1314 1017 et
1360 993 1491 1017 eorum

183 1039 364 1088 ipsorum,
385 1053 481 1088 quos
507 1040 611 1076 sedes
630 1053 722 1076 suae
742 1044 964 1088 tenuerant,
985 1041 1100 1078 simul
1127 1042 1280 1091 perlicit
1307 1042 1416 1078 donis
1442 1042 1495 1078 ad

184 1114 304 1137 naves
334 1101 504 1149 undique
533 1103 814 1139 contrahendas
843 1102 1180 1152 fabricandasque‚
1208 1103 1325 1139 simul
1354 1106 1392 1139 et
1419 1103 1496 1152 ipsi

183 1163 297 1199 traici
328 1163 538 1199 exercitum
572 1163 771 1212 levarique
799 1176 918 1212 quam
955 1164 1125 1212 primum
1155 1165 1351 1213 regionem
1381 1177 1492 1202 suam

183 1227 301 1260 tanta
319 1224 521 1260 hominum
539 1229 703 1273 urgente
722 1226 842 1261 turba
862 1226 1081 1275 cupiebant.
1130 1226 1168 1263 8.
1196 1227 1338 1275 Itaque
1356 1227 1496 1276 ingens

185 1290 318 1322 coacta
350 1286 407 1321 vis
439 1286 600 1322 navium
637 1290 694 1322 est
730 1287 988 1335 lintriumque
1024 1290 1172 1324 temere
1208 1288 1259 1324 ad
1291 1288 1496 1325 vicinalem

185 1360 299 1383 usum
318 1351 572 1396 paratarum3
601 1360 797 1396 novasque
822 1348 920 1384 alias
937 1348 1108 1396 primum
1135 1349 1240 1386 Galli
1266 1349 1496 1386 inchoantes

186 1409 380 1444 cavabant
407 1421 454 1445 ex
485 1409 645 1458 singulis
674 1411 890 1456 arboribus,
956 1410 989 1446 9.
1020 1410 1157 1447 deinde
1186 1414 1226 1447 et
1253 1411 1326 1459 ipsi
1353 1411 1497 1447 milites

186 1470 300 1506 simul
319 1470 428 1519 copia
455 1471 642 1507 materiae
669 1471 784 1507 simul
813 1471 1005 1508 facilitate
1032 1472 1160 1520 operis
1184 1472 1335 1508 inducti
1366 1472 1497 1509 alveos

186 1531 382 1578 informes,
419 1532 529 1578 nihil,
568 1532 776 1569 dummodo
812 1533 952 1569 innare
982 1545 1108 1582 aquae
1137 1536 1177 1570 et
1210 1546 1347 1582 capere
1377 1546 1496 1570 onera

187 1596 352 1641 possent,
372 1597 565 1639 curantes,
585 1594 742 1642 raptim,
773 1594 913 1642 quibus
940 1606 979 1630 se
1007 1606 1154 1642 suaque
1180 1594 1495 1642 transveherent,

187 1654 393 1691 faciebant.

241 1772 403 1810 XXVII.
435 1775 599 1822 lamque
620 1775 798 1810 omnibus
816 1775 912 1811 satis
929 1773 1151 1822 conparatis
1170 1774 1220 1810 ad
1238 1774 1499 1810 traiciendum

188 1836 390 1872 terrebant
419 1848 465 1871 ex
491 1836 649 1872 adverso
676 1836 805 1872 hostes
832 1848 985 1872 omnem
1012 1836 1138 1883 ripam
1170 1835 1320 1884 equites
1348 1835 1500 1884 virique

189 1897 418 1933 obtinentes.
477 1898 510 1934 2.
540 1898 643 1941 Quos
673 1901 717 1934 ut
747 1901 954 1942 averteret,
993 1897 1233 1933 Hannonem
1269 1896 1501 1933 Bomilcaris

190 1958 314 1994 filium
345 1958 477 2006 vigilia
512 1959 638 2007 prima
671 1959 793 1995 noctis
825 1972 912 1994 cum
940 1962 1054 2007 parte
1085 1958 1296 2006 copiarum,
1330 1958 1501 1994 maxime

193 2019 392 2067 Hispanis,
409 2019 569 2055 adverso
585 2020 742 2055 flumine
757 2020 812 2056 ire
824 2021 900 2056 iter
914 2020 1029 2055 unius
1041 2019 1115 2055 diei
1129 2019 1238 2055 iubet
1251 2023 1303 2064 et,
1341 2018 1413 2069 (3.)
1432 2019 1501 2055 ubi

191 2081 360 2130 primum
374 2081 504 2128 possit,
519 2093 637 2129 quam
649 2081 902 2117 occultissime
916 2074 1080 2117 traiecto
1094 2080 1202 2116 amni
1216 2079 1501 2117 circumducere

192 2153 344 2190 agmen,
379 2145 436 2186 ut,
465 2154 553 2177 cum
580 2155 675 2190 opus
694 2141 798 2178 facto
827 2143 888 2186 sit,
918 2142 1120 2178 adoriatur
1147 2141 1195 2177 ab
1222 2144 1332 2189 tergo
1358 2141 1499 2178 hostes.

193 2204 228 2240 4.
259 2203 322 2239 Ad
350 2202 389 2238 id
415 2203 498 2239 dati
525 2203 637 2239 duces
664 2203 768 2240 Galli
800 2203 970 2248 edocent,
1002 2202 1091 2238 inde
1121 2202 1229 2238 milia
1257 2202 1428 2250 quinque
1459 2206 1502 2238 et

193 2265 335 2313 viginti
372 2264 494 2300 ferme
530 2277 648 2313 supra
684 2277 827 2313 parvae
859 2264 1008 2299 insulae
1038 2262 1315 2299 circumfusum
1343 2275 1502 2300 amnem

196 2325 346 2371 latiore,
367 2324 434 2361 ubi
452 2325 708 2371 dividebatur,
738 2338 857 2374 eoque
885 2326 1013 2361 minus
1040 2325 1120 2360 alto
1148 2324 1258 2360 alveo
1286 2324 1500 2361 transitum

195 2387 405 2425 ostendere.
453 2388 488 2424 5.
518 2386 582 2422 Ibi
600 2387 743 2435 raptim
764 2399 873 2422 caesa
892 2386 1058 2423 materia
1076 2389 1257 2434 ratesque
1274 2384 1505 2433 fabricatae,
