1679 2553
720 191 823 226 L1vY,
853 191 933 219 XXI.

166 279 249 326 bus,
270 292 340 316 nec
367 280 446 317 ullo
473 279 609 329 pedem
637 280 845 327 referente,
874 295 924 319 ne
950 282 992 318 in
1020 283 1202 319 relictum
1229 296 1254 319 a
1281 295 1321 320 se
1348 283 1479 320 locum

164 340 315 377 hostem
327 341 557 378 inmitteret.
606 341 640 378 9.
670 342 813 390 Itaque
833 355 908 391 quo
923 343 1052 379 acrius
1071 347 1112 379 et
1130 342 1339 380 confertim
1354 343 1482 392 magis

166 401 364 450 utrimque
392 401 637 450 pugnabant,
665 414 709 439 eo
736 403 866 451 plures
895 404 1210 440 vulnerabantur
1237 404 1347 440 nullo
1373 404 1481 440 inter

164 474 276 497 arma
294 474 531 511 corporaque
549 475 651 498 vano
669 463 925 500 intercidente
937 464 1025 500 telo.
1085 464 1144 501 10.
1170 464 1379 501 Phalarica
1394 469 1482 501 erat

166 521 396 570 Saguntinis
423 523 564 559 missile
590 523 716 559 telum
752 524 887 560 hastili
924 525 1089 573 abiegno
1126 529 1166 561 et
1196 530 1327 562 cetera
1363 525 1483 562 tereti

164 587 440 632 praeterquam
458 583 508 620 ad
527 587 761 629 extremum,
781 585 884 621 unde
903 585 1053 622 ferrum
1073 586 1278 632 exstabat3
1308 586 1358 632 id,
1378 587 1481 623 sicut

164 643 206 679 in
234 644 323 692 pilo,
342 643 578 692 quadratum
597 648 741 693 stuppa
760 646 1087 695 circumligabant
1105 647 1359 696 linebantque
1374 647 1459 696 pice
1468 659 1481 694 ;

168 704 228 741 11.
256 704 405 740 ferrum
424 708 558 741 autem
576 708 656 742 tres
674 705 835 755 longum
854 706 1027 743 habebat
1046 707 1173 755 pedes,
1194 711 1240 744 ut
1254 720 1344 744 cum
1359 708 1481 745 armis

165 765 395 814 transfigere
413 778 549 814 corpus
568 769 705 814 posset.
765 767 824 802 12.
847 766 920 803 Sed
940 767 978 804 id
997 768 1179 813 maxime,
1200 769 1322 805 etiam
1340 768 1373 804 si
1390 768 1482 805 hae-

165 826 274 862 sisset
296 827 338 862 in
359 830 468 863 scuto
490 839 561 864 nec
582 831 826 875 penetrasset
850 828 892 864 in
915 841 1064 876 corpus,
1088 841 1273 878 pavorem
1295 829 1481 877 faciebat,

165 888 279 935 quod,
298 901 387 924 cum
409 888 578 925 medium
600 901 804 925 accensum
827 890 1053 926 mitteretur
1074 894 1381 939 conceptumque
1398 891 1482 939 ipso

166 952 275 984 motu
310 949 434 985 multo
470 950 657 986 maiorem
684 950 815 998 ignem
842 949 976 996 ferret,
1005 963 1117 987 arma
1144 952 1277 988 omitti
1303 951 1480 1000 cogebat,

168 1010 394 1059 nudumque
412 1010 576 1048 militem
595 1011 646 1047 ad
664 1010 912 1060 insequentes
930 1012 1032 1048 ictus
1049 1012 1275 1060 praebebat.

219 1126 288 1166 IX,
317 1129 417 1166 Cum
435 1128 501 1165 diu
519 1142 660 1178 anceps
678 1129 815 1166 fuisset
834 1133 1046 1176 certamen,
1066 1134 1106 1167 et
1126 1130 1371 1179 Saguntinis,
1387 1131 1482 1180 quia

167 1194 323 1240 praeter
358 1203 465 1239 spem
497 1191 733 1236 resisterent,
767 1191 976 1227 crevissent
1004 1191 1138 1238 animi,
1195 1192 1358 1239 Poenus,
1387 1192 1482 1240 quia

167 1263 247 1288 non
264 1251 428 1298 vicisset,
444 1264 514 1300 pro
527 1252 630 1288 victo
647 1255 756 1297 esset,
796 1251 868 1302 (2.)
895 1252 1100 1289 clamorem
1118 1257 1280 1301 repente
1298 1253 1483 1302 oppidani

166 1313 313 1349 tollunt
332 1313 557 1362 hostemque
575 1313 618 1349 in
636 1313 771 1349 ruinas
790 1313 894 1348 muri
913 1313 1126 1362 expellunt,
1150 1314 1241 1350 inde
1262 1313 1482 1363 inpeditum

167 1373 505 1422 trepidantemque
526 1374 754 1420 exturbant,
777 1378 974 1423 postremo
996 1374 1128 1411 fusum
1149 1373 1415 1424 fugatumque
1438 1376 1482 1413 in

168 1439 297 1472 castra
315 1435 508 1484 redigunt.

222 1496 255 1532 3.
277 1496 446 1532 Interim
492 1497 543 1533 ab
588 1497 715 1534 Roma
760 1497 909 1546 legatos
944 1497 1094 1535 venisse
1129 1498 1362 1534 nuntiatum
1397 1501 1481 1546 est3

168 1557 309 1605 quibus
335 1557 490 1593 obviam
519 1557 569 1593 ad
596 1570 704 1594 mare
731 1558 836 1594 missi
864 1559 914 1594 ab
943 1558 1184 1605 Hannibale,
1213 1559 1281 1607 qui
1309 1558 1482 1596 dicerent

169 1631 238 1655 nec
262 1621 350 1654 tuto
375 1631 438 1654 eos
462 1618 635 1654 adituros
658 1619 763 1655 inter
791 1623 851 1655 tot
878 1623 963 1655 tam
991 1621 1275 1656 effrenatarum
1302 1621 1483 1669 gentium

168 1692 291 1725 arma,
310 1692 381 1716 nec
406 1680 627 1716 Hannibali
645 1681 687 1716 in
712 1684 826 1717 tanto
845 1680 1065 1717 discrimine
1089 1694 1222 1718 rerum
1240 1694 1380 1730 operae
1401 1694 1483 1719 esse

167 1739 380 1789 legationes
398 1740 546 1777 audire.
602 1741 637 1777 4.
657 1741 890 1789 Apparebat
906 1754 983 1777 non
998 1741 1181 1778 admissos
1195 1742 1375 1790 protinus
1390 1742 1483 1779 Car-

167 1801 370 1849 thaginem
399 1802 533 1838 ituros.
591 1801 763 1838 Litteras
791 1802 915 1851 igitur
944 1803 1180 1851 nuntiosque
1208 1803 1259 1839 ad
1289 1803 1483 1853 principes

167 1861 349 1898 factionis
369 1861 559 1898 Barcinae
578 1862 812 1910 praemittit,
836 1866 882 1898 ut
906 1867 1193 1911 praepararent
1218 1876 1377 1900 suorum
1399 1865 1482 1900 ani-

168 1935 260 1969 mos,
286 1935 335 1959 ne
359 1923 454 1972 quid
478 1935 571 1972 pars
595 1923 722 1960 altera
740 1924 957 1972 gratificari
982 1924 1125 1973 populo
1144 1924 1324 1962 Romano
1341 1929 1480 1974 posset.

218 2038 265 2076 X.
292 2041 446 2090 Itaque,
473 2045 750 2089 praeterquam
777 2042 878 2090 quod
897 2042 1056 2079 admissi
1075 2043 1279 2092 auditique
1304 2046 1409 2089 sunt,
1434 2055 1481 2079 ea

167 2112 319 2150 quoque
354 2114 457 2137 vana
493 2106 612 2150 atque
648 2102 770 2138 inrita
806 2103 951 2151 legatio
977 2102 1068 2141 fuit.
1126 2105 1160 2140 2.
1200 2104 1349 2140 Hanno
1378 2117 1482 2140 unus

167 2161 349 2198 adversus
377 2166 559 2198 senatum
588 2175 744 2199 causam
773 2162 937 2200 foederis
966 2176 1110 2213 magno
1139 2164 1292 2201 silentio
1321 2168 1482 2213 propter

167 2222 442 2258 auctoritatem
464 2235 587 2269 suam,
614 2236 693 2260 non
715 2236 802 2260 cum
828 2224 991 2261 adsensu
1020 2224 1264 2261 audientium
1291 2225 1382 2274 egit,
1412 2237 1482 2274 per

168 2282 256 2320 deos
291 2282 490 2320 foederum
526 2284 694 2320 arbitros
730 2297 775 2320 ac
810 2288 930 2321 testes
965 2289 1146 2322 senatum
1181 2286 1393 2332 obtestans,
1430 2297 1482 2321 ne

169 2342 393 2380 Romanum
407 2356 496 2380 cum
511 2344 730 2392 Saguntino
743 2346 977 2382 suscitarent
990 2346 1136 2383 bellum
1150 2345 1353 2392 monuisse,
1369 2358 1480 2395 prae-
