1679 2553
170 205 222 242 ⁴26
729 216 833 251 LIVY,
863 215 943 243 xm.

171 311 223 346 ab
259 313 408 347 rectore
444 322 525 356 suo,
562 322 651 345 cum
689 308 951 357 refugientem
987 309 1030 344 in
1067 320 1212 357 aquam
1250 310 1493 356 sequeretur,

170 375 335 408 nantem
352 372 521 408 traxisse
538 383 708 420 gregem,
728 374 775 406 ut
793 381 987 419 quemque
1011 370 1217 406 timentem
1241 368 1493 405 altitudinem

169 434 403 470 destitueret
420 432 577 478 vadum,
606 433 757 480 impetu
785 432 868 479 ipso
895 431 1068 467 fluminis
1095 431 1137 466 in
1164 430 1332 466 alteram
1364 430 1491 478 ripam

170 495 362 543 rapiente.
421 494 454 530 6.
485 494 668 530 Ceterum
697 493 822 541 magis
854 495 1010 528 constat
1036 492 1190 528 ratibus
1216 491 1423 537 traiectos;
1452 491 1492 526 id

170 560 218 592 ut
248 556 378 592 tutius
408 555 613 592 consilium
642 557 737 590 ante
767 566 850 590 rem
878 553 993 599 foret,
1022 553 1079 589 ita
1107 556 1198 589 acta
1225 564 1267 589 re
1299 552 1349 589 ad
1377 553 1492 588 fidem

170 617 331 666 pronius
349 620 419 653 est.
477 616 512 653 7.
542 616 688 652 Ratem
707 627 829 650 unam
848 614 1035 650 ducentos
1054 614 1212 662 longam
1241 614 1356 662 pedes
1384 614 1493 662 quin-

169 679 364 728 quaginta
381 678 506 714 latam
535 690 559 713 a
586 681 695 713 terra
722 676 764 712 in
792 687 949 711 amnem
981 678 1253 724 porrexerunt,
1284 687 1415 723 quam,
1444 687 1497 710 ne

169 739 340 776 secunda
364 752 469 788 aqua
498 738 729 783 deferretur,
757 737 936 786 pluribus
954 737 1095 772 validis
1122 736 1351 772 retinaculis
1378 740 1494 785 parte

169 802 370 850 superiore
401 801 511 849 ripae
542 800 751 847 religatam
781 798 912 846 pontis
940 797 982 833 in
1019 797 1177 833 modum
1202 797 1321 833 humo
1350 798 1493 834 iniecta

169 865 485 907 constraverunt,
506 864 552 897 ut
571 861 710 897 beluae
738 859 926 896 audacter
953 859 1062 895 velut
1090 871 1158 907 per
1177 859 1301 895 solum
1320 859 1493 907 ingrede-

169 927 322 961 rentur.
379 924 414 960 8.
443 922 588 959 Altera
623 922 723 957 ratis
751 932 873 969 aeque
902 920 998 965 lata,
1029 920 1146 968 longa
1176 920 1293 968 pedes
1320 925 1491 965 centum,

169 986 220 1022 ad
238 985 501 1022 traiciendum
520 985 668 1020 fiumen
687 986 795 1031 apta,
817 981 909 1017 huic
928 981 1111 1030 copulata
1130 985 1188 1017 est
1202 994 1211 1027 3
1251 982 1285 1017 9.
1315 984 1401 1017 tum
1421 981 1494 1017 ele-

170 1047 314 1098 phanti
332 1059 402 1095 per
420 1045 599 1082 stabilem
618 1048 748 1081 ratem
766 1048 973 1092 tamquam
995 1043 1101 1078 viam
1129 1042 1494 1091 praegredientibus

170 1109 327 1146 feminis
346 1107 438 1154 acti,
467 1107 535 1143 ubi
563 1106 605 1141 in
632 1105 823 1141 minorem
851 1104 1091 1153 applicatam
1121 1104 1357 1152 transgressi
1385 1108 1490 1149 sunt,

170 1170 367 1219 extemplo
403 1168 597 1212 resolutis,
635 1167 777 1214 quibus
813 1166 954 1201 leviter
991 1164 1146 1201 adnexa
1182 1168 1281 1210 erat,
1314 1164 1493 1209 vinculis,

170 1232 222 1268 ab
242 1231 430 1268 actuariis
448 1230 598 1278 aliquot
616 1228 785 1264 navibus
812 1227 860 1263 ad
880 1226 1049 1263 alteram
1078 1227 1206 1275 ripam
1234 1225 1491 1274 pertrahitur.

174 1294 233 1330 10.
264 1294 331 1329 Ita
349 1290 486 1341 primis
504 1290 689 1339 expositis
708 1289 776 1324 alii
795 1288 931 1325 deinde
950 1288 1107 1336 repetiti
1128 1301 1174 1324 ac
1200 1287 1357 1324 traiecti
1384 1290 1490 1323 sunt.

170 1355 283 1392 Nihil
302 1366 396 1391 sane
413 1352 683 1401 trepidabant,
703 1351 822 1387 donec
840 1350 1061 1386 continenti
1079 1349 1189 1386 velut
1206 1352 1325 1398 ponte
1337 1360 1494 1397 ageren-

170 1420 261 1460 tur3
290 1416 440 1465 primus
459 1418 547 1450 erat
566 1426 699 1462 pavor,
720 1425 807 1448 cum
827 1412 956 1448 soluta
975 1412 1026 1447 ab
1045 1411 1182 1447 ceteris
1200 1414 1287 1446 rate
1305 1410 1348 1445 in
1366 1409 1494 1446 altum

170 1480 420 1526 raperentur.
479 1476 539 1511 11.
569 1475 633 1510 Ibi
651 1478 836 1522 urgentes
855 1473 961 1509 inter
984 1484 1036 1518 se,
1056 1472 1283 1508 cedentibus
1309 1470 1494 1507 extremis

171 1539 223 1576 ab
251 1551 366 1587 aqua,
394 1536 668 1586 trepidationis
695 1535 945 1583 aliquantum
971 1533 1153 1578 edebant,
1175 1533 1294 1568 donec
1320 1532 1492 1580 quietem

170 1601 252 1650 ipse
270 1600 389 1636 timor
404 1597 822 1645 circumspectantibus
839 1608 983 1644 aquam
1003 1594 1167 1632 fecisset.
1227 1594 1285 1630 12.
1307 1592 1495 1629 Excidere

171 1662 290 1698 etiam
309 1660 526 1697 saevientes
544 1658 705 1708 quidam
725 1658 766 1693 in
788 1658 945 1701 flumen,
967 1656 1032 1692 sed
1051 1656 1219 1703 pondere
1238 1655 1321 1704 ipso
1335 1654 1497 1691 stabiles

171 1722 329 1759 deiectis
355 1721 571 1758 rectoribus
600 1719 832 1769 quaerendis
868 1717 1109 1768 pedetentim
1139 1716 1249 1753 vadis
1275 1717 1317 1752 in
1344 1720 1493 1752 terram

171 1796 341 1821 OVaSOI'e.

225 1901 365 1939 XXIX.
396 1903 504 1939 Dum
540 1901 741 1950 elephanti
785 1899 1040 1945 traiciuntur,
1086 1898 1247 1934 interim
1285 1896 1496 1933 Hannibal

170 1964 368 2002 Numidas
404 1963 554 2012 equites
590 1962 826 2011 quingentos
862 1960 913 1996 ad
948 1965 1079 1997 castra
1118 1960 1300 1996 Romana
1332 1958 1493 1994 miserat

171 2026 428 2075 speculatum,
449 2025 517 2061 ubi
543 2029 583 2061 et
610 2027 785 2073 quantae
812 2023 945 2071 copiae
973 2025 1100 2058 essent
1119 2025 1159 2057 et
1179 2020 1272 2070 quid
1291 2022 1492 2068 pararent.

172 2088 209 2124 2.
239 2087 346 2123 Huic
376 2086 463 2122 alae
494 2086 673 2134 equitum
703 2084 821 2130 missi,
841 2087 888 2119 ut
918 2087 1012 2119 ante
1045 2082 1193 2118 dictum
1221 2084 1290 2126 est,
1319 2080 1370 2116 ab
1397 2080 1495 2116 ostio

173 2148 359 2186 Rhodani
379 2147 547 2183 trecenti
567 2147 839 2182 Romanorum
858 2145 1009 2193 equites
1029 2146 1251 2180 occurrunt.
1309 2142 1343 2178 3.
1373 2141 1489 2177 Proe-

172 2209 271 2245 lium
289 2209 461 2246 atrocius
487 2221 607 2256 quam
635 2220 706 2256 pro
735 2219 899 2243 numero
929 2205 1195 2254 pugnantium
1218 2203 1371 2248 editur3
1400 2215 1494 2238 nam

174 2274 332 2319 praeter
363 2269 492 2306 multa
521 2269 687 2305 vulnera
715 2268 851 2304 caedes
882 2267 1000 2302 etiam
1038 2277 1158 2314 prope
1194 2277 1266 2312 par
1295 2263 1496 2312 utrimque

174 2332 265 2377 fuit,
286 2331 459 2380 fugaque
478 2334 518 2367 et
537 2343 660 2380 pavor
677 2329 944 2366 Numidarum
964 2327 1155 2363 Romanis
1181 2326 1262 2361 iam
1284 2323 1494 2361 admodum

174 2392 286 2429 fessis
313 2392 518 2429 victoriam
545 2392 662 2428 dedit.
719 2391 899 2427 Victores
926 2389 976 2426 ad
1003 2392 1160 2425 centum
1187 2386 1404 2434 sexaginta,
1424 2397 1500 2422 nec
