1679 2553
168 221 216 256 10
721 235 826 270 va,
854 235 935 261 xxr

163 321 362 371 piaculum
381 324 491 373 rupti
508 323 687 371 foederis,
708 325 785 371 sed,
805 326 837 362 si
855 338 970 362 nemo
998 326 1192 374 deposcat,
1215 326 1486 363 devehendum

161 382 203 418 in
236 383 399 420 ultimas
425 385 545 421 maris
575 389 851 434 terrarumque
877 399 976 432 oras,
1004 386 1265 435 ablegandum
1299 399 1354 432 eo,
1381 388 1487 423 unde

161 456 232 480 nec
247 444 297 480 ad
312 457 381 481 nos
401 458 541 482 nomen
561 445 746 494 famaque
761 447 843 482 eius
857 447 1030 483 accidere
1049 459 1176 496 neque
1194 447 1260 483 ille
1275 447 1485 484 sollicitare

160 505 317 553 quietae
336 506 507 542 civitatis
521 510 673 543 statum
702 508 832 555 possit.
893 509 952 545 13.
984 509 1067 557 Ego
1086 508 1145 544 ita
1168 521 1316 554 censeo,
1336 509 1484 557 legatos

160 566 356 614 extemplo
386 567 553 603 Romam
575 568 797 613 mittendos,
818 568 886 616 qui
912 569 1069 605 senatui
1091 569 1349 615 satisfaciant,
1376 570 1484 616 alios,

160 626 228 674 qui
252 626 470 663 Hannibali
497 629 697 673 nuntient,
718 632 765 664 ut
790 629 1007 666 exercitum
1028 631 1078 666 ab
1100 630 1279 678 Sagunto
1299 631 1484 676 abducat,

159 687 365 735 ipsumque
385 688 655 725 Hannibalem
675 702 723 725 ex
741 688 894 726 foedere
916 690 1103 727 Romanis
1123 691 1292 738 dedant,
1322 692 1483 727 tertiam

159 748 392 796 legationem
411 749 462 785 ad
480 762 542 786 res
562 750 793 799 Saguntinis
811 750 1028 787 reddendas
1048 751 1244 788 decerno.''

210 866 279 905 XI.
316 868 414 905 Cum
463 869 613 905 Hanno
650 872 877 918 perorasset,
917 869 1065 906 nemini
1111 870 1288 906 omnium
1332 874 1485 907 certare

156 929 335 966 oratione
366 942 456 966 cum
492 943 537 967 eo
568 943 721 967 necesse
756 930 858 968 fuit:
887 931 982 967 adeo
1012 943 1130 980 prope
1166 931 1291 967 omnis
1320 934 1482 967 senatus

158 990 401 1027 Hannibalis
445 995 543 1036 erat,
586 991 844 1040 infestiusque
880 991 1056 1028 locutum
1102 993 1324 1040 arguebant
1370 993 1485 1028 Han-

156 1064 299 1088 nonem
353 1064 474 1101 quam
528 1052 712 1088 Flaccum
758 1052 965 1088 Valerium
1010 1053 1187 1101 legatum
1242 1053 1480 1089 Romanum.

158 1113 192 1148 2.
223 1113 468 1161 Responsum
496 1113 586 1149 inde
613 1113 754 1161 legatis
782 1113 972 1150 Romanis
1004 1117 1064 1150 est
1093 1114 1239 1149 bellum
1271 1117 1403 1150 ortum
1431 1114 1486 1150 ab>

156 1174 399 1223 Saguntinis,
430 1186 510 1210 non
546 1174 598 1210 ab
636 1174 866 1210 Hannibale
898 1186 1002 1221 esse;
1031 1174 1221 1222 populum
1254 1174 1481 1210 Romanum

155 1234 302 1271 iniuste
339 1234 482 1281 facere,
513 1234 547 1271 si
578 1234 820 1283 Saguntinos
857 1234 1147 1271 vetustissimae
1181 1235 1484 1284 Carthaginien-

154 1295 256 1332 sium
285 1296 464 1332 societati
492 1299 721 1344 praeponat.

209 1358 242 1393 3.
274 1357 381 1393 Dum
412 1357 583 1393 Romani
612 1360 769 1406 tempus
798 1360 937 1393 terunt
968 1357 1232 1406 legationibus
1265 1356 1478 1402 mittendis,

155 1419 375 1464 Hannibal,
396 1418 489 1467 quia
508 1418 654 1455 fessum
674 1419 838 1455 militem
857 1419 1013 1468 proeliis
1032 1419 1288 1467 operibusque
1307 1418 1483 1454 habebat

153 1491 367 1528 paucorum
386 1480 433 1516 ijs
452 1479 603 1516 dierum
618 1479 789 1528 quietem
809 1480 916 1516 dedit
935 1479 1173 1516 stationibus
1193 1478 1241 1514 ad
1260 1478 1478 1514 custodiam

152 1540 359 1576 vinearum
392 1540 637 1588 aliorumque
673 1553 835 1588 operum
864 1540 1070 1588 dispositis.
1128 1539 1298 1576 Interim
1326 1539 1479 1575 animos

152 1613 286 1637 eorum
307 1613 413 1637 nunc
431 1601 491 1636 ira
512 1601 553 1636 in
572 1601 703 1637 hostes
722 1600 974 1646 stimulando,
995 1613 1101 1636 nunc
1129 1613 1195 1649 spe
1214 1600 1477 1648 praemiorum

152 1662 342 1699 accendit.
401 1662 436 1698 4.
465 1662 527 1699 Ut
555 1674 646 1698 vero
674 1675 744 1710 pro
781 1662 960 1698 contione
987 1662 1175 1710 praedam
1205 1665 1343 1710 captae
1370 1661 1481 1696 urbis

151 1722 273 1759 edixit
291 1722 463 1758 militum
492 1721 587 1768 fore,
607 1722 700 1758 adeo
729 1723 880 1758 accensi
907 1735 1039 1759 omnes
1058 1726 1163 1768 sunt,
1184 1726 1241 1767 ut,
1272 1722 1304 1757 si
1333 1725 1479 1757 extem-

151 1784 215 1833 plo
242 1784 396 1832 signum
430 1783 569 1819 datum
597 1787 707 1829 esset,
741 1783 852 1819 nulla
884 1783 923 1819 vi
954 1783 1083 1819 resisti
1118 1783 1320 1819 videretur
1355 1794 1475 1831 posse.

153 1845 188 1881 5.
220 1844 444 1893 Saguntini,
472 1847 518 1879 ut
551 1856 574 1879 a
606 1844 760 1892 proeliis
788 1845 961 1892 quietem
992 1844 1228 1889 habuerant,
1259 1855 1330 1879 nec
1360 1843 1476 1879 laces-

152 1909 281 1942 sentes
312 1917 383 1941 nec
402 1905 571 1941 lacessiti
600 1918 669 1954 per
687 1906 839 1953 aliquot
859 1905 950 1950 dies,
971 1905 1029 1941 ita
1056 1918 1135 1941 non
1164 1908 1287 1950 nocte,
1308 1917 1388 1940 non
1415 1903 1479 1939 die

151 1979 340 2016 umquam
369 1970 615 2002 cessaverant
652 1966 702 2002 ab
733 1979 859 2015 opere,
893 1970 940 2002 ut
977 1979 1124 2002 novum
1157 1978 1315 2001 murum
1344 1965 1394 2001 ab
1429 1977 1476 2000 ea

151 2034 275 2080 parte,
321 2043 400 2079 qua
446 2030 692 2079 patefactum
729 2031 915 2080 oppidum
952 2031 1078 2067 ruinis
1123 2033 1222 2077 erat,
1259 2029 1473 2066 reficerent.

153 2093 188 2129 6.
216 2091 317 2128 Inde
336 2091 578 2140 oppugnatio
596 2104 659 2127 eos
678 2091 883 2139 aliquanto
902 2092 1069 2128 atrocior
1086 2104 1205 2140 quam
1224 2094 1316 2127 ante
1334 2090 1475 2126 adorta

151 2156 222 2199 est,
256 2165 338 2199 nec,
357 2165 436 2201 qua
466 2153 639 2201 primum
671 2156 742 2188 aut
761 2152 1006 2201 potissimum
1036 2157 1150 2202 parte
1178 2152 1330 2188 ferrent
1348 2163 1475 2199 opem,

150 2227 239 2250 cum
258 2213 391 2250 omnia
410 2214 530 2249 variis
549 2213 783 2249 clamoribus
802 2217 1036 2260 streperent,
1051 2213 1148 2249 satis
1167 2213 1263 2249 scire
1276 2214 1469 2260 poterant.

152 2274 186 2312 7.
227 2275 317 2324 Ipse
356 2274 575 2319 Hannibal,
607 2286 686 2322 qua
715 2275 838 2310 turris
870 2274 1022 2310 mobilis
1057 2273 1189 2310 omnia
1225 2272 1470 2309 munimenta

151 2336 261 2372 urbis
281 2346 469 2384 superans
495 2335 704 2371 altitudine
731 2335 933 2383 agebatur,
954 2334 1133 2370 hortator
1160 2335 1307 2371 aderat.
1364 2333 1473 2377 Quae

152 2409 240 2433 cum
286 2396 446 2433 admota
483 2395 698 2444 catapultis
734 2395 974 2444 ballistisque
1016 2407 1086 2444 per
1121 2395 1252 2432 omnia
1288 2394 1469 2431 tabulata
