1679 2553
210 219 236 256 4
760 226 864 262 LIVY,
893 226 975 253 xxL

208 311 388 372 opertum
406 321 517 359 humi
528 321 720 358 iacentem
739 320 845 358 inter
859 319 1054 357 custodias
1072 319 1337 369 stationesque
1356 320 1527 359 militum

208 387 502 433 conspexerunt.
561 383 596 419 8.
626 382 807 418 Vestitus
836 381 934 417 nihil
961 382 1067 418 inter
1104 381 1287 430 aequales
1313 382 1526 430 excellens;

206 458 318 481 arma
349 448 470 493 atque
499 443 590 492 equi
618 442 970 492 conspiciebantur.
1046 442 1237 490 Equitum
1275 441 1527 492 peditumque

205 505 309 542 idem
327 506 440 554 longe
458 504 608 553 primus
625 507 712 540 erat
729 516 736 539 :
765 503 943 552 princeps
961 503 1003 539 in
1033 503 1221 552 proelium
1251 503 1347 546 ibat,
1362 503 1529 540 ultimus

205 570 380 603 conserto
412 565 557 614 proelio
593 564 814 600 excedebat.
873 564 906 601 9.
948 563 1037 600 Has
1073 567 1209 600 tantas
1246 563 1321 600 viri
1357 564 1527 601 virtutes

203 627 379 676 ingentia
419 626 517 662 vitia
552 625 803 674 aequabant:
849 623 1067 660 inhumana
1104 624 1325 670 crudelitas,
1363 625 1525 674 perfidia

203 691 290 740 plus
319 702 438 739 quam
471 688 631 733 Punica,
664 688 760 724 nihil
792 687 886 734 veri,
920 688 1020 724 nihil
1056 688 1194 735 sancti,
1234 688 1368 724 nullus
1406 688 1523 726 deum

202 755 339 796 metus,
360 750 514 786 nullum
538 749 600 785 ius
623 749 848 795 iurandum,
881 748 992 785 nulla
1020 749 1167 797 religio.
1228 750 1288 786 10.
1319 750 1419 786 Cum
1446 750 1522 786 hac

201 812 328 849 indole
355 811 553 847 virtutum
585 813 706 858 atque
743 810 930 846 vitiorum
962 810 1133 846 triennio
1162 811 1235 846 sub
1269 810 1522 847 Hasdrubale

203 874 439 922 imperatore
458 871 604 908 meruit
623 870 734 906 nulla
753 883 806 916 re,
827 883 927 919 quae
947 870 1098 919 agenda
1117 871 1361 920 videndaque
1380 884 1524 921 magno

205 934 343 972 futuro
363 933 452 969 duci
470 935 581 979 esset,
601 931 889 982 praetermissa.

235 1071 238 1075 <
254 1050 301 1089 V.
331 1052 516 1088 Ceterum
535 1063 583 1087 ex
602 1063 677 1100 quo
697 1050 758 1086 die
777 1049 855 1086 dux
874 1053 933 1086 est
952 1049 1185 1096 declaratus,
1205 1049 1315 1086 velut
1342 1050 1466 1087 Italia
1485 1051 1520 1088 ei

199 1113 398 1164 provincia
434 1112 590 1148 decreta
627 1111 847 1159 bellumque
880 1111 1106 1147 Romanum
1136 1111 1369 1147 mandatum
1407 1116 1519 1157 esset,

200 1176 234 1212 2.
264 1173 362 1210 nihil
373 1171 652 1222 prolatandum
671 1175 794 1217 ratus,
816 1184 865 1207 ne
885 1183 924 1207 se
942 1183 1106 1220 quoque,
1127 1175 1173 1207 ut
1192 1175 1347 1220 patrem
1367 1171 1522 1208 Hamil-

197 1247 337 1280 carem,
385 1233 524 1270 deinde
571 1231 875 1277 Hasdrubalem,
922 1235 1175 1268 cunctantem
1221 1244 1333 1268 casus
1377 1232 1522 1281 aliquis

198 1296 446 1345 opprimeret,
478 1293 711 1343 Saguntinis
739 1293 886 1329 inferre
915 1292 1061 1328 bellum
1088 1292 1244 1329 statuit.
1302 1293 1338 1329 3.
1369 1293 1520 1337 Quibus

196 1355 470 1406 oppugnandis
497 1354 591 1404 quia
619 1354 725 1390 haud
753 1353 867 1390 dubie
897 1353 1078 1389 Romana
1106 1366 1218 1389 arma
1245 1354 1516 1400 movebantur,

195 1418 237 1454 in
271 1417 460 1454 Olcadum
492 1415 601 1464 prius
628 1414 887 1451 fines—ultra
916 1414 1113 1449 Hiberum
1141 1426 1186 1450 ea
1212 1426 1308 1462 gens
1334 1414 1376 1450 in
1403 1419 1520 1463 parte

195 1478 319 1526 magis
361 1490 480 1526 quam
517 1476 559 1512 in
595 1475 743 1512 dicione
788 1475 1174 1523 Carthaginiensium
1218 1475 1517 1511 erat—induxit

196 1539 424 1584 exercitum,
463 1540 509 1574 ut
545 1549 624 1573 non
661 1537 802 1585 petisse
840 1535 1089 1584 Saguntinos,
1128 1535 1193 1572 sed
1238 1548 1370 1572 rerum
1406 1537 1514 1583 serie,

195 1599 374 1636 finitimis
393 1597 548 1634 domitis
566 1597 758 1646 gentibus,
781 1596 1053 1645 iungendoque
1071 1599 1225 1632 tractus
1243 1596 1295 1632 ad
1313 1596 1351 1632 id
1369 1596 1515 1633 bellum

196 1660 320 1697 videri
338 1662 477 1708 posset.
534 1659 570 1695 4.
600 1658 803 1695 Cartalam
823 1657 958 1693 urbem
979 1656 1220 1706 opulentam,
1248 1660 1368 1707 caput
1387 1659 1515 1707 gentis

195 1722 288 1766 eius,
327 1722 530 1769 expugnat
566 1718 803 1768 diripitque;
850 1730 926 1766 quo
963 1721 1073 1753 metu
1108 1717 1309 1767 perculsae
1346 1718 1514 1754 minores

196 1783 376 1820 civitates
395 1780 587 1830 stipendio
606 1780 774 1829 inposito
802 1778 1009 1827 imperium
1039 1790 1229 1826 accepere.
1285 1778 1425 1815 Victor
1452 1791 1514 1815 ex-

196 1843 341 1881 ercitus
360 1841 644 1892 opulentusque
663 1839 809 1890 praeda
822 1838 1105 1887 Carthaginem
1126 1851 1267 1875 novam
1286 1840 1328 1875 in
1347 1839 1513 1876 hiberna

195 1909 254 1942 est
272 1904 473 1941 deductus.
529 1903 563 1939 5.
594 1902 657 1938 Ibi
675 1902 784 1950 large
802 1901 1010 1950 partiendo
1037 1900 1223 1949 praedam
1245 1900 1515 1949 stipendioque

194 1965 406 2016 praeterito
426 1976 514 2000 cum
541 1963 616 2000 fide
644 1962 874 1999 exsolvendo
902 1962 1051 1997 cunctis
1078 1961 1219 1997 civium
1247 1961 1513 2009 sociorumque

195 2026 338 2064 animis
368 2027 411 2061 in
443 2037 482 2061 se
513 2024 680 2060 firmatis
707 2035 799 2060 vere
831 2022 956 2071 primo
988 2023 1030 2058 in
1060 2022 1259 2058 Vaccaeos
1289 2025 1511 2072 promotum

195 2087 353 2125 bellum.
430 2086 466 2123 6.
494 2084 764 2122 Hermandica
801 2087 841 2119 et
878 2082 1086 2129 Arbocala,
1129 2095 1263 2118 eorum
1303 2082 1428 2128 urbes,
1471 2082 1511 2117 vi

195 2150 342 2197 captae.
411 2144 445 2182 7.
473 2145 670 2182 Arbocala
683 2148 722 2181 et
740 2143 887 2180 virtute
901 2147 941 2179 et
960 2143 1215 2179 multitudine
1228 2142 1510 2192 oppidanorum

194 2209 262 2246 diu
294 2206 477 2252 defensa3
514 2206 565 2242 ab
603 2205 869 2242 Hermandica
905 2203 1062 2253 profugi
1098 2203 1275 2240 exulibus
1310 2203 1510 2249 Olcadum,

196 2270 325 2320 priore
343 2270 494 2304 aestate
512 2266 681 2303 domitae
709 2265 849 2314 gentis,
869 2277 958 2301 cum
986 2277 1025 2301 se
1051 2264 1282 2310 iunxissent,
1311 2264 1510 2300 concitant

198 2331 452 2379 Carpetanos,
502 2328 538 2364 8.
567 2326 773 2374 adortique
802 2325 1070 2362 Hannibalem
1098 2337 1315 2373 regressum
1343 2337 1392 2361 ex
1409 2324 1510 2359 Vac-

195 2390 299 2429 caeis
335 2388 441 2426 haud
476 2387 609 2437 procul
645 2387 751 2435 Tago
794 2386 967 2430 flumine,
1011 2397 1153 2434 agmen
1198 2396 1318 2434 grave
1363 2385 1512 2434 praeda
