1679 2553
199 225 245 260 14
753 233 846 258 LIVY
875 233 956 259 XXI.

191 330 277 363 vstat
296 330 336 362 et
365 326 533 362 multam
560 324 773 374 pretiosam
802 325 1082 374 supellectilem
1110 330 1336 377 vestemque
1361 330 1518 370 missam

196 387 491 435 Carthaginem.

250 450 284 486 3.
314 449 463 485 Octavo
507 459 650 493 mense,
687 460 808 495 quam
854 452 1033 497 coeptum
1080 451 1313 499 oppugnari,
1359 456 1518 501 captum

197 511 421 559 Saguntum
447 510 607 558 quidam
636 509 848 557 scripsere;
876 510 967 545 inde
990 510 1275 560 Carthaginem
1297 513 1454 551 Novam
1475 515 1520 552 in

196 572 362 608 hiberna
408 571 678 608 Hannibalem
714 571 940 607 concessisse
955 585 965 617 3
1014 574 1153 620 quinto
1191 573 1329 611 deinde
1374 588 1518 624 mense,

195 646 317 682 quam
345 633 396 669 ab
424 633 667 682 Carthagine
695 630 892 680 profectus
923 633 986 678 sit,
1020 634 1061 669 in
1090 634 1252 671 Italiam
1285 637 1517 684 pervenisse.

196 696 234 731 4.
265 695 375 738 Quae
402 694 434 730 si
459 695 518 731 ita
550 698 656 740 sunt,
686 693 770 729 fieri
801 706 881 729 non
908 695 1050 741 potuit,
1080 698 1126 730 ut
1155 695 1198 732 P.
1231 697 1434 734 Cornelius
1460 699 1518 737 Ti.

197 756 448 805 Sempronius
466 756 641 793 consules
667 754 828 800 fuerint,
849 754 899 790 ad
919 767 1014 803 quos
1041 760 1080 792 et
1100 757 1290 806 principio
1317 770 1518 808 oppugna-

195 818 315 854 tionis
332 817 453 866 legati
473 817 685 867 Saguntini
704 816 809 852 missi
837 816 929 863 sint,
949 821 990 853 et
1018 818 1086 865 qui
1114 818 1155 854 in
1183 831 1251 855 suo
1280 822 1520 868 magistratu

197 892 286 915 cum
315 880 556 926 Hannibale,
578 879 681 916 alter
709 878 760 915 ad
779 878 959 914 Ticinum
990 891 1158 926 amnem,
1179 881 1294 918 ambo
1313 882 1520 931 aliquanto

196 945 284 990 post
320 941 370 977 ad
402 941 595 988 Trebiam,
628 939 907 990 pugnaverint.
983 940 1018 976 5.
1048 941 1135 977 Aut
1168 943 1301 979 omnia
1339 944 1520 981 breviora

197 1003 401 1050 aliquanto
445 1002 568 1049 fuere,
606 1005 679 1038 aut
718 1001 943 1049 Saguntum
988 1001 1181 1050 principio
1213 1004 1322 1050 anni,
1359 1017 1436 1054 quo
1473 1005 1517 1043 P.

199 1064 400 1101 Cornelius
433 1065 490 1101 Ti.
530 1063 783 1112 Sempronius
819 1062 993 1098 consules
1022 1062 1198 1110 fuerunt,
1227 1077 1307 1102 non
1339 1070 1520 1115 coeptum

197 1126 417 1174 oppugnari
443 1130 515 1172 est,
543 1125 608 1162 sed
636 1128 810 1174 captum.
867 1124 902 1160 6.
931 1123 1039 1160 Nam
1072 1125 1275 1162 excessisse
1306 1140 1441 1176 pugna
1470 1129 1521 1166 ad.

197 1188 379 1224 Trebiam
406 1189 447 1224 in
475 1201 626 1224 annum
654 1188 724 1224 Cn.
755 1185 895 1222 Servili
926 1189 967 1222 et
996 1185 1038 1222 C.
1068 1186 1240 1224 Flamini
1268 1201 1348 1225 non
1377 1192 1519 1239 potest,

198 1250 289 1298 quia
317 1250 358 1286 C.
387 1250 606 1286 Flaminius
633 1248 808 1285 Arimini
836 1247 1084 1283 consulatum
1113 1247 1214 1294 iniit,
1233 1253 1390 1287 creatus
1408 1263 1433 1287 a
1460 1251 1519 1289 Ti.

199 1311 426 1360 Sempronio
446 1311 611 1357 consule,
632 1310 700 1359 qui
714 1312 800 1358 post
818 1321 993 1357 pugnam
1013 1308 1064 1344 ad
1082 1309 1263 1347 Trebiam
1275 1311 1325 1347 ad
1336 1312 1522 1349 creandos

198 1373 372 1409 consules
391 1373 559 1409 Romam
571 1385 660 1409 cum
674 1372 854 1417 venisset,
867 1370 1033 1407 comitiis
1044 1371 1229 1419 perfectis
1241 1372 1293 1409 ad
1306 1373 1521 1411 exercitum

197 1435 242 1471 in
260 1435 426 1471 hiberna
444 1435 572 1472 rediit.

253 1554 360 1592 XVI.
392 1555 473 1592 Sub
502 1555 606 1591 idem
633 1553 717 1590 fere
740 1556 897 1602 tempus
924 1556 964 1589 et
992 1553 1125 1602 legati,
1148 1554 1217 1603 qui
1245 1554 1444 1592 redierant
1469 1556 1522 1593 ab

201 1617 455 1666 Carthagine,
493 1617 663 1653 Romam
699 1614 943 1651 rettulerunt
980 1614 1112 1651 omnia
1148 1615 1307 1652 hostilia
1342 1627 1434 1662 esse,
1480 1620 1522 1654 et

203 1679 372 1728 Sagunti
415 1678 608 1714 excidium
653 1676 888 1712 nuntiatum
925 1679 1011 1721 est;
1086 1677 1121 1712 2.
1150 1679 1370 1726 tantusque
1404 1678 1522 1716 simul

201 1753 354 1777 maeror
380 1743 513 1789 patres
549 1738 887 1786 misericordiaque
914 1737 1104 1773 sociorum
1132 1742 1428 1787 peremptorum
1463 1739 1522 1776 in-

202 1802 318 1851 digne
353 1805 395 1838 et
421 1801 547 1850 pudor
571 1814 650 1837 non
677 1800 749 1836 lati
776 1799 913 1835 auxilii
945 1802 985 1835 et
1010 1799 1071 1835 ira
1099 1799 1141 1835 in
1174 1799 1523 1849 Carthaginienses

202 1868 407 1911 metusque
434 1862 481 1899 de
507 1875 660 1898 summa
691 1874 824 1898 rerum
857 1861 971 1909 cepit,
1000 1861 1111 1897 velut
1140 1861 1173 1897 si
1200 1861 1281 1898 iam
1310 1861 1362 1897 ad
1387 1864 1523 1911 portas

203 1925 325 1962 hostis
343 1927 453 1969 esset,
472 1926 519 1959 ut
547 1927 608 1959 tot
627 1935 706 1959 uno
724 1925 898 1970 tempore
927 1922 1098 1958 motibus
1115 1922 1237 1959 animi
1267 1923 1419 1959 turbati
1445 1926 1523 1960 tre-

202 1986 387 2036 pidarent
406 1985 531 2033 magis
559 1997 677 2033 quam
706 1985 975 2021 consulerent:
1033 1984 1067 2021 3.
1096 1996 1191 2020 nam
1220 1996 1347 2033 neque
1371 1984 1522 2021 hostem

200 2048 392 2084 acriorem
438 2046 790 2094 bellicosioremque
835 2057 964 2081 secum
1006 2057 1269 2094 congressum,
1315 2057 1385 2082 nec
1438 2057 1522 2082 rem

204 2108 428 2146 Romanam
463 2111 547 2143 tam
586 2106 753 2143 desidem
789 2118 979 2154 umquam
1016 2106 1136 2143 fuisse
1171 2109 1292 2155 atque
1325 2105 1520 2143 inbellem.

206 2171 241 2207 4.
272 2169 411 2206 Sardos
423 2169 633 2217 Corsosque
647 2171 687 2204 et
708 2168 866 2204 Histros
878 2171 998 2217 atque
1011 2167 1167 2216 Illyrios
1186 2167 1379 2204 lacessisse
1398 2167 1522 2216 magis

202 2244 326 2280 quam
344 2231 558 2267 exercuisse
578 2230 760 2266 Romana
778 2242 900 2275 arma,
921 2233 962 2265 et
981 2241 1070 2265 cum
1090 2228 1214 2265 Gallis
1230 2228 1522 2265 tumultuatum

206 2293 336 2330 verius
352 2304 472 2341 quam
490 2291 787 2340 belligeratum3
844 2291 878 2327 5.
909 2290 1085 2327 Poenum
1104 2290 1257 2326 hostem
1275 2292 1520 2336 veteranum,

206 2354 330 2391 trium
348 2356 389 2391 et
406 2353 549 2402 viginti
574 2365 768 2389 annorum
786 2352 930 2389 militia
959 2352 1167 2388 durissima
1185 2351 1291 2388 inter
1319 2350 1522 2400 Hispanas

204 2419 343 2465 gentes
360 2427 512 2465 semper
531 2414 729 2461 victorem,
748 2413 837 2450 duci
867 2413 1056 2450 acerrimo
1086 2412 1306 2459 adsuetum,
1325 2414 1523 2450 recentem
