1679 2553
199 201 222 237 2
748 208 852 244 ler,
882 207 963 232 XXI.

250 300 303 339 II.
336 302 411 339 His
440 301 579 338 anxius
597 300 700 336 curis
728 299 786 334 ita
816 311 856 335 se
884 297 1021 334 Africo
1051 297 1162 343 bello,
1191 296 1294 345 quod
1328 296 1408 332 fuit
1439 296 1514 332 sub

196 369 389 400 recentem
426 363 648 398 Romanam
685 372 830 408 pacem,
874 372 943 408 per
980 358 1154 407 quinque
1190 369 1315 393 annos
1331 370 1342 403 ;
1383 358 1417 393 2.
1448 357 1508 393 ita

197 424 332 461 deinde
363 436 501 460 novem
529 422 643 457 annis
672 421 714 456 in
748 420 944 468 Hispania
972 418 1149 467 augendo
1177 418 1328 454 Punico
1349 418 1513 466 imperio

196 486 324 534 gessit,
346 488 391 520 ut
411 486 620 532 appareret
638 481 766 517 maius
786 494 887 527 eum,
909 493 1029 528 quam
1049 478 1153 527 quod
1171 481 1338 527 gereret,
1359 479 1514 527 agitare

196 548 237 582 in
265 547 394 582 animo
427 545 582 589 bellum,
616 547 667 589 et,
705 543 738 578 si
774 541 921 577 diutius
953 540 1126 586 vixisset,
1161 539 1390 576 Hamilcare
1417 539 1514 576 duce

197 608 343 643 Poenos
362 619 473 642 arma
493 605 637 641 Italiae
656 603 850 639 inlaturos
870 602 1000 647 fuisse,
1030 601 1093 638 cui
1121 600 1364 637 Hannibalis
1391 600 1512 638 ductu

194 668 427 704 intulerunt.
484 666 518 702 3.
550 665 658 701 Mors
688 663 925 701 Hamilcaris
952 665 1243 711 peropportuna
1269 664 1312 698 et
1343 661 1512 709 pueritia

196 728 435 765 Hannibalis
455 726 693 762 distulerunt
711 724 864 760 bellum.
923 723 958 759 4.
988 722 1143 759 Medius
1162 721 1393 758 Hasdrubal
1407 722 1514 758 inter

194 793 349 838 patrem
368 801 412 824 ac
433 787 555 823 filium
576 790 662 822 octo
689 785 812 821 ferme
830 797 952 821 annos
979 783 1186 832 imperium
1213 783 1399 829 obtinuit,
1419 783 1513 820 flore

195 850 348 895 aetatis,
369 849 429 884 uti
448 848 593 893 ferunt,
614 847 740 896 primo
769 845 988 882 Hamilcari
1007 844 1246 890 conciliatus,
1275 855 1396 892 gener
1422 842 1514 880 inde

194 912 242 948 ob
273 911 390 947 aliam
422 909 591 945 indolem
621 908 797 956 profecto
829 906 950 942 animi
979 905 1161 950 adscitus,
1191 907 1231 941 et
1263 905 1356 953 quia
1393 917 1514 953 gener

193 975 292 1018 erat,
313 971 491 1007 factionis
512 969 703 1005 Barcinae
722 968 870 1016 opibus,
884 979 984 1014 quae
1003 965 1108 1015 apud
1122 965 1266 1001 milites
1284 965 1514 1014 plebemque

195 1033 281 1082 plus
300 1044 419 1081 quam
448 1030 619 1067 modicae
651 1032 777 1074 erant,
807 1027 914 1063 haud
941 1040 1032 1063 sane
1060 1026 1264 1062 voluntate
1290 1026 1513 1074 principum

193 1095 235 1130 in
264 1092 426 1141 imperio
458 1091 616 1140 positus.
678 1090 712 1126 5.
745 1090 785 1125 Is
815 1089 931 1138 plura
960 1087 1118 1123 consilio
1150 1099 1270 1135 quam
1302 1087 1343 1123 vi
1374 1099 1514 1135 gerens

194 1155 370 1204 hospitiis
406 1153 531 1202 magis
564 1152 790 1201 regulorum
829 1149 1155 1198 conciliandisque
1192 1160 1262 1196 per
1297 1149 1514 1186 amicitiam

194 1217 412 1267 principum
431 1214 541 1250 novis
560 1213 742 1262 gentibus
761 1224 878 1260 quam
899 1210 999 1247 bello
1017 1213 1089 1247 aut
1106 1209 1228 1246 armis
1245 1221 1329 1246 rem
1348 1209 1515 1246 Cartha-

193 1277 407 1326 giniensem
443 1275 566 1311 auxit.
635 1274 670 1310 6.
701 1274 886 1309 Ceterum
926 1271 1050 1308 nihilo
1076 1270 1112 1307 ei
1138 1282 1217 1319 pax
1253 1269 1381 1306 tutior
1407 1268 1513 1308 fuit:

193 1338 387 1375 barbarus
423 1348 513 1372 eum
551 1335 710 1384 quidam
747 1334 876 1382 palam
909 1333 957 1369 ob
986 1333 1088 1368 iram
1124 1331 1353 1368 obtruncati
1382 1331 1434 1367 ab
1466 1342 1511 1367 eo

193 1398 341 1435 domini
372 1395 572 1433 interfecit
602 1406 930 1443 comprensusque
950 1394 1001 1430 ab
1027 1391 1376 1429 circumstantibus
1404 1391 1513 1428 haud

193 1460 282 1505 alio,
303 1471 423 1507 quam
443 1458 475 1494 si
507 1457 706 1501 evasisset,
726 1455 854 1501 vultu,
874 1454 1081 1491 tormentis
1100 1465 1253 1502 quoque
1283 1464 1372 1489 cum
1391 1452 1513 1489 lacer-

193 1523 341 1565 aretur,
375 1531 420 1555 eo
452 1518 530 1554 fuit
559 1517 699 1553 habitu
728 1516 818 1562 oris,
852 1519 898 1552 ut
935 1517 1146 1563 superante
1177 1513 1333 1550 laetitia
1365 1513 1515 1549 dolores

193 1580 357 1618 ridentis
393 1579 513 1616 etiam
539 1579 703 1628 speciem
732 1577 967 1626 praebuerit.
1037 1575 1070 1613 7.
1102 1575 1202 1611 Cum
1231 1574 1303 1611 hoc
1336 1574 1515 1611 Hasdru-

194 1641 293 1687 bale,
309 1640 401 1688 quia
420 1640 543 1676 mirae
557 1639 655 1675 artis
673 1639 714 1674 in
726 1638 978 1675 sollicitandis
992 1636 1176 1686 gentibus
1194 1635 1431 1685 imperioque
1445 1648 1515 1671 suo

193 1701 403 1750 iungendis
422 1700 567 1746 fuerat,
587 1699 722 1735 foedus
754 1703 1015 1735 renovaverat
1035 1696 1202 1746 populus
1222 1696 1440 1741 Romanus,
1469 1699 1516 1732 ut

194 1763 284 1799 finis
312 1762 516 1810 utriusque
540 1760 695 1808 imperii
723 1763 823 1796 esset
851 1759 978 1795 amnis
998 1758 1184 1803 Hiberus,
1207 1756 1516 1806 Saguntinisque

195 1823 331 1860 mediis
349 1823 454 1858 inter
473 1821 638 1870 imperia
658 1821 823 1856 duorum
843 1819 1077 1869 populorum
1094 1818 1256 1854 libertas
1275 1820 1514 1854 servaretur.

249 1938 326 1978 111.
369 1940 420 1976 In
457 1939 719 1976 Hasdrubalis
754 1938 882 1975 locum
912 1937 1019 1974 haud
1052 1935 1171 1973 dubia
1203 1947 1264 1973 res
1291 1934 1381 1982 fuit,
1419 1935 1516 1984 quin

198 2001 511 2051 praerogativam
544 2000 768 2046 militarem,
799 2012 878 2048 qua
905 1998 1101 2046 extemplo
1131 1996 1285 2035 iuvenis
1309 1996 1517 2033 Hannibal

196 2063 239 2099 in
257 2061 497 2111 praetorium
509 2061 662 2097 delatus
682 2060 970 2110 imperatorque
988 2058 1142 2108 ingenti
1159 2058 1335 2094 omnium
1349 2057 1517 2094 clamore

197 2127 319 2172 atque
338 2122 504 2158 adsensu
522 2121 743 2170 appellatus
771 2124 868 2168 erat,
888 2120 1000 2157 favor
1027 2119 1151 2168 plebis
1169 2121 1410 2167 sequeretur.
1480 2118 1515 2155 2.

200 2184 322 2220 Hunc
336 2182 497 2220 vixdum
522 2183 706 2231 puberem
728 2181 957 2218 Hasdrubal
976 2180 1121 2218 litteris
1132 2179 1183 2217 ad
1200 2191 1241 2216 se
1258 2178 1490 2216 accersierat
1504 2192 1515 2226 ς

199 2248 366 2293 actaque
384 2256 446 2280 res
464 2243 581 2280 etiam
601 2243 642 2279 in
662 2246 801 2279 senatu
820 2242 964 2280 fuerat.
1023 2242 1057 2278 3.
1087 2240 1265 2277 Barcinis
1282 2239 1516 2286 nitentibus,

201 2309 247 2343 ut
261 2305 501 2342 adsuesceret
514 2304 677 2340 militiae
694 2303 901 2340 Hannibal
913 2306 1032 2352 atque
1042 2303 1085 2339 in
1097 2305 1283 2351 paternas
1296 2299 1518 2337 succederet

199 2379 300 2418 opeS,
333 2367 492 2413 Hanno,
515 2365 676 2402 alterius
701 2364 882 2401 factionis
908 2365 1096 2414 princeps,
1126 2365 1202 2401 “et
1227 2374 1362 2400 aecum
1384 2363 1516 2412 postu-
