1679 2553
196 231 244 267 16
749 241 841 266 121VY
869 241 952 267 ΧΧῙ.

244 330 397 370 XVIII,
427 331 505 369 His
531 332 589 368 ita
616 332 850 380 conparatis,
880 335 927 368 ut
954 332 1087 368 omnia
1113 332 1219 369 iusta
1247 336 1342 370 ante
1367 334 1513 374 bellum

191 394 345 440 fierent,
374 394 524 443 legatos
555 394 720 429 maiores
756 397 868 439 natu,
899 393 945 437 Q.
977 393 1144 429 Fabium
1178 393 1236 431 M.
1274 395 1431 432 Livium
1469 397 1515 434 L.

191 455 406 492 Aemilium
427 455 467 492 O.
490 455 683 491 Licinium
704 455 748 498 Q.
773 454 977 500 Baebium,
1004 454 1046 490 in
1072 453 1253 491 Africam
1278 456 1447 493 mittunt
1465 457 1516 494 ad

192 516 499 566 percunctandos
518 515 875 563 Carthaginienses,
897 516 1102 564 publicone
1121 516 1281 553 consilio
1307 517 1514 554 Hanniba-l

194 579 414 627 Saguntum
441 582 717 626 oppugnasset,
765 577 799 614 2.
830 581 882 622 et,
911 577 954 623 si,
984 577 1021 613 id
1041 577 1145 625 quod
1163 576 1310 614 facturi
1330 578 1516 615 videban-

191 643 272 685 tur,
300 639 524 676 faterentur
543 651 588 674 ac
616 637 872 674 defenderent
900 638 1055 687 publico
1091 639 1248 675 consilio
1275 639 1440 686 factum,
1469 643 1516 676 ut

191 701 410 737 indicerent
428 699 571 749 populo
591 699 908 748 Carthaginiensi
935 700 1092 736 bellum.
1151 700 1185 736 3.
1216 700 1387 737 Romani
1415 704 1516 750 post·

191 774 308 811 quam
337 760 621 809 Carthaginem
653 764 860 806 venerunt,
889 773 979 797 cum
1006 764 1168 797 senatus
1194 761 1313 798 datus
1344 766 1445 799 esset
1474 764 1516 799 et

192 825 236 867 Q.
266 822 412 859 Fabius
438 822 538 858 nihil
568 822 676 858 ultra
703 834 823 870 quam
851 834 987 867 unum,
1017 821 1121 871 quod
1148 822 1383 859 mandatum
1411 826 1512 869 erat,

192 887 470 933 percunctatus
523 887 634 929 esset,
689 886 777 918 tum
831 895 879 919 ex
934 882 1327 932 Carthaginiensibus
1381 896 1510 922 unus:

193 947 226 982 4.
259 945 485 994 “Praeceps
516 948 659 990 vestra,
692 943 874 990 Romani,
907 947 948 980 et
975 944 1082 992 prior
1113 943 1260 993 legatio
1296 944 1385 990 fuit,
1424 958 1514 982 cum

193 1006 461 1043 Hannibalem
480 1009 687 1054 tamquam
707 1017 776 1041 suo
795 1005 953 1041 consilio
974 1005 1197 1053 Saguntum
1216 1009 1514 1055 oppugnantem

192 1067 457 1117 deposcebatis
471 1080 482 1114 3
509 1071 683 1103 ceterum
703 1066 799 1102 haec
818 1065 964 1114 legatio
982 1065 1111 1102 verbis
1129 1065 1258 1102 adhuc
1285 1066 1411 1103 lenior
1439 1071 1513 1114 est,

191 1142 234 1166 re
261 1128 444 1178 asperior.
501 1129 536 1165 5.
565 1128 675 1164 Tunc
702 1127 805 1163 enim
836 1127 1041 1163 Hannibal
1068 1130 1109 1163 et
1136 1127 1443 1164 insimulabatur
1470 1131 1512 1165 et

192 1190 472 1239 deposcebatur
486 1203 497 1237 3
525 1202 630 1226 nunc
649 1190 698 1225 ab
717 1188 829 1225 nobis
847 1192 888 1225 et
906 1188 1092 1225 confessio
1108 1188 1247 1237 culpae
1264 1189 1513 1237 exprimitur,

192 1258 231 1289 et
251 1256 298 1288 ut
321 1264 346 1288 a
373 1250 559 1288 confessis
584 1263 646 1286 res
673 1249 869 1298 extemplo
896 1253 1142 1298 repetuntur.
1202 1249 1237 1286 6.
1268 1249 1352 1298 Ego
1379 1254 1514 1287 autem

192 1327 283 1359 non,
303 1314 460 1362 privato
478 1311 682 1361 publicone
709 1311 868 1347 consilio
897 1311 1121 1359 Saguntum
1149 1315 1421 1360 oppugnatum
1450 1312 1513 1358 sit,

192 1374 459 1425 quaerendum
477 1385 665 1418 censeam,
685 1372 752 1409 sed
770 1376 906 1409 utrum
924 1373 1009 1408 iure
1028 1385 1081 1408 an
1095 1372 1243 1408 iniuria
1260 1385 1268 1409 τ
1312 1372 1347 1410 7.
1377 1376 1514 1409 nostra

192 1438 296 1473 enim
315 1436 411 1473 haec
438 1435 615 1484 quaestio
643 1438 764 1483 atque
792 1433 1078 1470 animadversio
1107 1434 1150 1469 in
1179 1433 1301 1469 civem
1334 1437 1513 1470 nostrum

193 1502 263 1544 est,
283 1497 376 1546 quid
395 1500 529 1533 nostro
547 1500 620 1532 aut
639 1508 708 1531 suo
727 1495 864 1531 fecerit
883 1495 1048 1531 arbitrio
1064 1508 1072 1540 ;
1102 1495 1300 1531 vobiscum
1330 1507 1410 1530 una
1439 1494 1513 1531 dis-

194 1559 364 1608 ceptatio
382 1562 454 1604 est,
473 1557 679 1594 licueritne
698 1569 767 1606 per
794 1556 929 1592 foedus
947 1556 1040 1591 fieri.
1099 1556 1133 1592 S.
1164 1556 1308 1604 Itaque
1327 1556 1513 1603 quonjam

193 1620 359 1657 discerni
386 1619 525 1668 placet,
559 1618 653 1666 quid
681 1617 833 1666 publico
861 1616 1029 1662 consilio,
1058 1616 1152 1664 quid
1180 1629 1252 1652 sua
1278 1620 1417 1665 sponte
1443 1617 1515 1653 im-

192 1685 392 1730 peratores
416 1680 579 1725 faciant,
608 1679 718 1715 nobis
744 1678 942 1715 vobiscum
974 1677 1110 1714 foedus
1137 1681 1196 1713 est
1223 1690 1248 1713 a
1275 1676 1318 1714 C.
1348 1677 1515 1715 Lutatio

193 1742 350 1779 consule
380 1742 515 1787 ictum,
544 1741 587 1776 in
619 1753 696 1788 quo
727 1752 815 1776 cum
852 1743 1060 1776 caveretur
1091 1742 1353 1787 utrorumque
1388 1739 1510 1784 sociis,

196 1804 295 1841 nihil
337 1803 385 1840 de
428 1801 880 1851 Saguntinis—necdum
916 1801 1021 1837 enim
1058 1803 1175 1836 erant
1211 1799 1303 1836 socii
1339 1800 1513 1836 vestri—

196 1869 356 1902 cautum
374 1867 444 1901 est.
502 1864 536 1900 9.
565 1863 623 1899 At
643 1862 746 1898 enim
765 1874 809 1898 eo
827 1861 991 1907 foedere,
1012 1861 1113 1909 quod
1140 1874 1230 1897 cum
1258 1860 1513 1897 Hasdrubale

195 1927 319 1963 ictum
337 1928 407 1971 est,
428 1924 639 1973 Saguntini
657 1923 921 1971 excipiuntur.
976 1922 1178 1959 Adversus
1195 1922 1298 1971 quod
1316 1934 1387 1971 ego
1413 1922 1512 1958 m'hi]

195 1988 371 2024 dicturus
389 1998 487 2032 sum,
507 1985 581 2022 nisi
600 1985 701 2034 quod
721 1997 744 2020 a
764 1984 872 2020 vobis
897 1983 1023 2020 didici.
1083 1984 1143 2020 10.
1171 1983 1255 2019 Vos
1272 1983 1389 2028 enim,
1408 1983 1512 2031 quod

195 2049 237 2086 C.
258 2048 445 2085 Lutatius
461 2046 593 2083 consul
612 2046 738 2094 primo
765 2045 963 2081 nobiscum
992 2044 1129 2081 foedus
1156 2044 1235 2090 icit,
1265 2043 1358 2092 quia
1385 2056 1512 2092 neque

194 2121 241 2146 ex
261 2107 498 2145 auctoritate
515 2111 674 2156 patrum
694 2118 764 2142 nec
783 2105 915 2154 populi
943 2105 1049 2141 iussu
1077 2105 1201 2141 ictum
1220 2107 1318 2150 erat,
1337 2105 1511 2152 negastis

194 2183 262 2207 vos
279 2182 324 2207 eo
340 2169 490 2206 teneri:
510 2168 643 2216 itaque
662 2167 769 2203 aliud
788 2167 833 2202 de
851 2167 1005 2215 integro
1024 2166 1159 2203 foedus
1176 2165 1331 2214 publico
1355 2166 1511 2203 consilio

194 2232 318 2268 ictum
349 2234 418 2267 est.
476 2230 536 2267 11.
567 2230 609 2266 Si
640 2241 707 2264 vos
737 2241 817 2264 non
845 2232 984 2265 tenent
1015 2227 1171 2264 foedera
1199 2230 1330 2263 vestra
1358 2226 1434 2263 nisi
1464 2239 1513 2264 ex

194 2292 433 2329 auctoritate
451 2295 523 2328 aut
540 2291 645 2327 iussu
663 2294 790 2326 vestro
809 2289 899 2336 icta,
919 2302 968 2326 ne
987 2302 1057 2325 nos
1075 2288 1228 2337 quidem
1250 2287 1515 2325 Hasdrubalis

195 2353 340 2399 foedus,
370 2352 472 2402 quod
507 2352 618 2389 nobis
653 2352 782 2387 insciis
816 2351 896 2395 icit,
925 2350 1098 2399 obligare
1128 2349 1270 2398 potuit.
1329 2349 1389 2386 12.
1418 2348 1511 2386 Pro-

193 2415 286 2452 inde
310 2414 482 2452 omittite
511 2413 681 2462 Sagunti
707 2416 827 2461 atque
856 2411 998 2448 Hiberi
1027 2410 1265 2447 mentionem
1291 2409 1430 2456 facere,
1458 2412 1500 2446 et
