1679 2553
193 205 241 242 18
739 214 844 249 LIVY,
872 213 951 240 xm.

190 308 225 344 9.
256 307 399 351 “Quae
417 305 647 342 verecundia
665 309 735 351 est,
756 305 938 351 Romani,
958 305 1158 354 postulare
1169 319 1245 352 vos,
1260 310 1321 344 ut1
1331 312 1504 346 vestram

187 367 575 416 Carthaginiensium
624 367 822 404 amicitiae
862 380 1162 416 praeponamus,
1205 380 1307 415 cum,
1350 370 1419 419 qui
1464 371 1504 407 id

185 429 364 466 fecerunt
383 427 605 476 Saguntini,
625 427 829 473 crudelius,
850 440 969 476 quam
990 428 1144 464 Poenus
1171 428 1295 466 hostis
1321 430 1504 479 perdidit,

185 503 253 526 vos
271 489 361 526 socii
379 489 647 538 prodideritis2
706 490 765 525 10.
795 489 859 525 Ibi
887 489 1090 537 quaeratis
1118 489 1250 536 socios,
1269 502 1415 538 censeo,
1435 493 1505 530 ubi

186 551 408 600 Saguntina
425 550 553 586 clades
570 550 707 599 ignota
726 553 806 595 est3
838 550 1028 600 Hispanis
1046 550 1199 598 populis
1217 550 1318 588 sicut
1335 551 1504 602 lugubre

182 613 242 648 ita
260 611 411 660 insigne
430 610 704 648 documentum
725 611 893 659 Sagunti
920 611 1060 647 ruinae
1088 615 1219 658 erunt,
1239 624 1289 649 ne
1306 613 1394 661 quis
1411 614 1504 652 fidei

184 673 388 709 Romanae
407 676 478 708 aut
497 672 675 708 societati
693 671 898 708 confidat.'’
957 672 1016 708 11.
1046 671 1146 708 Inde
1164 673 1362 722 extemplo
1393 675 1504 713 abire

182 734 326 770 finibus
343 733 625 770 Volcianorum
644 732 739 768 iussi
757 732 808 768 ab
822 732 931 769 nullo
946 732 1081 769 deinde
1100 733 1260 770 concilio
1280 734 1502 784 Hispaniae

182 794 410 843 benigniora
428 795 546 830 verba
557 793 695 830 tulere.
742 793 808 830 Ita
823 794 1063 842 nequiquam
1077 798 1288 844 peragrata
1302 795 1502 846 Hispania

180 859 223 894 in
241 857 410 894 Galliam
428 860 650 894 transeunt.

232 975 313 1014 XX.
343 977 395 1013 In
413 976 474 1012 his
491 988 594 1012 nova
612 975 876 1024 terribilisque
895 975 1038 1024 species
1054 976 1138 1012 visa
1150 980 1220 1022 est,
1237 977 1341 1025 quod
1352 979 1501 1016 armati

178 1039 290 1074 —ita
321 1050 403 1073 mos
438 1037 566 1084 gentis
602 1036 787 1072 erat—in
824 1036 1031 1072 concilium
1068 1042 1275 1074 venerunt.
1332 1039 1369 1075 2.
1398 1039 1499 1076 Cum

179 1100 306 1137 verbis
337 1097 568 1134 extollentes
595 1097 758 1146 gloriam
787 1097 1055 1145 virtutemque
1086 1098 1222 1147 populi
1254 1099 1426 1136 Romani
1453 1113 1500 1136 ac

179 1160 493 1210 magnitudinem
522 1158 675 1206 imperii
702 1157 903 1208 petissent,
933 1170 982 1194 ne
1011 1158 1139 1195 Poeno
1176 1159 1323 1196 bellum
1354 1161 1499 1198 Italiae

178 1221 365 1259 inferenti
413 1233 483 1269 per
530 1231 644 1268 agros
691 1219 883 1267 urbesque
937 1231 1028 1255 suas
1075 1221 1293 1257 transitum
1343 1221 1497 1270 darent,

179 1285 214 1321 3.
235 1286 374 1320 tantus
391 1295 479 1318 cum
499 1280 663 1317 fremitu
681 1281 781 1317 risus
800 1280 944 1317 dicitur
962 1284 1086 1328 ortus,
1107 1285 1154 1318 ut
1168 1282 1234 1318 vix
1252 1295 1277 1318 a
1292 1283 1498 1332 magistra-

176 1346 282 1382 tibus
295 1344 582 1392 maioribusque
594 1346 695 1378 natu
713 1343 898 1379 iuventus
917 1343 1118 1379 sedaretur
1129 1356 1140 1390 3
1186 1343 1221 1380 4.
1243 1343 1339 1380 adeo
1356 1345 1497 1381 stolida

176 1406 444 1455 inpudensque
480 1404 692 1453 postulatio
728 1404 811 1440 visa
848 1408 918 1449 est,
957 1416 1123 1449 censere,
1168 1417 1218 1441 ne
1252 1405 1295 1441 in
1332 1406 1496 1443 Italiam

177 1467 457 1504 transmittant
477 1466 581 1502 Galli
600 1465 757 1511 bellum,
779 1466 881 1514 ipsos
907 1465 947 1501 id
974 1469 1153 1502 avertere
1178 1466 1221 1502 in
1248 1478 1287 1503 se
1305 1479 1496 1516 agrosque

175 1541 265 1565 suos
300 1541 371 1577 pro
407 1528 547 1564 alienis
583 1528 826 1576 populandos
862 1528 1023 1564 obicere.
1097 1528 1132 1563 5.
1162 1527 1304 1564 Sedato
1333 1528 1495 1566 tandem

175 1590 337 1627 fremitu
352 1602 578 1638 responsum
593 1589 734 1637 legatis
752 1593 823 1634 est,
843 1601 969 1637 neque
985 1588 1254 1624 Romanorum
1268 1589 1310 1625 in
1324 1601 1364 1625 se
1382 1590 1496 1626 meri-

175 1656 263 1688 tum
277 1664 358 1688 esse
377 1663 503 1699 neque
524 1650 914 1699 Carthaginiensium
931 1649 1132 1695 iniuriam,
1147 1650 1196 1686 ob
1214 1662 1315 1698 quae
1334 1655 1406 1687 aut
1423 1664 1495 1701 pro

176 1713 365 1750 Romanis
394 1716 466 1748 aut
502 1711 688 1748 adversus
722 1711 870 1747 Poenos
902 1714 1063 1747 sumant
1099 1723 1234 1757 arma3
1291 1712 1326 1749 6.
1355 1717 1491 1749 contra

173 1787 221 1811 ea
248 1774 384 1810 audire
411 1785 503 1819 sese,
524 1772 653 1821 gentis
677 1784 770 1808 suae
789 1772 963 1808 homines
988 1784 1082 1820 agro
1101 1772 1322 1821 finibusque
1348 1773 1492 1810 Italiae

173 1835 267 1884 pelli
298 1848 322 1871 a
353 1834 495 1884 populo
527 1834 707 1870 Romano
739 1833 1054 1882 stipendiumque
1084 1833 1252 1882 pendere
1287 1837 1328 1871 et
1363 1838 1493 1872 cetera

174 1897 337 1946 indigna
356 1896 452 1945 pati.
511 1894 546 1932 7.
576 1896 726 1932 Eadem
755 1895 879 1932 ferme
906 1895 949 1930 in
977 1895 1116 1931 ceteris
1142 1895 1296 1932 Galliae
1323 1896 1494 1933 conciliis

173 1959 278 1995 dicta
307 1958 523 2005 auditaque
537 1970 548 2003 3
578 1969 648 1994 nec
676 1956 867 2005 hospitale
894 1956 1104 2004 quicquam
1132 1960 1367 2005 pacatumve
1395 1958 1493 1994 satis

173 2020 283 2069 prius
309 2019 490 2055 auditum
519 2030 640 2066 quam
669 2018 889 2054 Massiliam
919 2029 1071 2054 venere.
1129 2019 1164 2054 8.
1193 2018 1258 2054 Ibi
1284 2018 1413 2055 omnia
1439 2019 1491 2055 ab

173 2080 284 2118 sociis
302 2080 490 2128 inquisita
509 2091 596 2115 cum
617 2092 711 2115 cura
731 2091 776 2115 ac
802 2079 877 2114 fide
904 2078 1074 2127 cognita,
1093 2082 1393 2127 praeoccupatos
1409 2079 1490 2116 iam

174 2146 270 2178 ante
287 2141 338 2177 ab
358 2141 586 2177 Hannibale
605 2141 809 2177 Gallorum
821 2140 971 2176 animos
990 2152 1093 2186 esse;
1113 2139 1177 2176 sed
1188 2152 1238 2176 ne
1256 2140 1313 2176 illi
1331 2140 1490 2188 quidem

175 2204 249 2252 ipsi
267 2203 362 2240 satis
381 2203 518 2238 mitem
546 2205 705 2251 gentem
733 2201 980 2249 fore,-adeo
998 2200 1143 2237 ferocia
1161 2204 1282 2249 atque
1298 2201 1490 2238 indomita

174 2264 332 2314 ingenia
359 2262 550 2310 esse,—ni
579 2262 742 2299 subinde
768 2275 877 2308 auro,
905 2262 1015 2298 cuius
1043 2261 1269 2298 avidissima
1295 2274 1391 2311 gens
1416 2267 1489 2310 est,

174 2326 396 2376 principum
415 2324 539 2360 animi
557 2324 825 2360 concilientur.
883 2323 917 2360 9.
946 2323 1013 2359 Ita
1032 2324 1252 2372 peragratis
1270 2323 1490 2373 Hispaniae

174 2391 217 2425 et
242 2386 390 2424 Galliae
418 2385 571 2435 populis
598 2385 719 2435 legati
747 2385 916 2422 Romam
942 2384 1110 2422 redeunt
1135 2384 1242 2421 haud
1267 2384 1328 2422 ita
1363 2385 1490 2424 multo
