1679 2553
545 641 774 706 TITI
842 639 1130 703 LIVII

665 791 852 833 LIBER
890 790 1020 832 XXI.

179 997 266 1075 IN
284 1002 398 1049 parte
425 997 551 1047 operis
570 998 647 1034 mei
665 997 756 1033 licet
783 997 880 1032 mihi
908 995 1093 1045 praefari,
1118 996 1219 1045 quod
1238 997 1280 1033 in
1307 998 1496 1047 principio

277 1072 450 1097 summae
468 1058 590 1096 totius
618 1058 780 1107 professi
808 1058 982 1106 plerique
1000 1062 1095 1094 sunt
1122 1070 1253 1094 rerum
1281 1060 1496 1108 scriptores,

178 1121 326 1158 bellum
359 1120 529 1156 maxime
548 1120 721 1155 omnium
746 1118 1011 1165 memorabile,
1031 1130 1132 1166 quae
1165 1132 1353 1168 umquam
1386 1125 1498 1169 gesta

179 1183 272 1228 sint,
293 1194 354 1218 me
372 1181 625 1229 scripturum,
645 1180 747 1228 quod
776 1179 1004 1215 Hannibale
1033 1179 1128 1215 duce
1156 1179 1499 1229 Carthaginienses

179 1256 271 1280 cum
306 1242 448 1291 populo
485 1241 665 1277 Romano
701 1252 863 1288 gessere.
921 1241 955 1276 2.
985 1239 1092 1275 Nam
1129 1252 1257 1288 neque
1293 1241 1498 1278 validiores

179 1305 319 1354 opibus
346 1303 450 1339 ullae
468 1303 573 1338 inter
591 1314 632 1338 se
651 1302 831 1338 civitates
860 1305 1072 1350 gentesque
1099 1301 1353 1338 contulerunt
1373 1315 1496 1348 arma,

180 1376 309 1413 neque
327 1363 388 1400 his
407 1363 500 1412 ipsis
517 1367 677 1398 tantum
706 1374 894 1411 umquam
922 1362 1066 1397 virium
1085 1367 1157 1398 aut
1174 1363 1322 1400 roboris
1348 1363 1439 1409 fuit,
1460 1370 1499 1400 et

180 1425 289 1463 haud
325 1425 480 1473 ignotas
525 1423 617 1459 belli
653 1428 759 1458 artes
795 1423 901 1458 inter
936 1434 1017 1458 sese
1053 1422 1120 1458 sed
1156 1428 1337 1472 expertas
1374 1425 1499 1473 primo

181 1486 331 1523 Punico
375 1484 630 1521 conferebant
675 1483 788 1528 bello,
825 1487 867 1519 et
911 1483 1006 1519 adeo
1042 1484 1153 1519 varia
1198 1484 1361 1521 fortuna
1407 1486 1498 1522 belli

182 1558 401 1596 ancepsque
434 1544 546 1581 Mars
578 1544 669 1587 fuit,
707 1548 753 1580 ut
785 1544 943 1592 propius
979 1544 1194 1592 periculum
1232 1544 1392 1591 fuerint,
1431 1547 1499 1595 qui

182 1609 374 1644 vicerunt.
430 1606 464 1642 3.
495 1604 602 1642 Odiis
634 1605 753 1641 etiam
772 1617 891 1654 prope
910 1605 1121 1641 maioribus
1148 1609 1351 1643 certarunt
1378 1620 1499 1655 quam

182 1669 342 1713 viribus,
365 1667 554 1703 Romanis
582 1666 893 1714 indignantibus,
912 1666 1014 1714 quod
1040 1666 1253 1703 victoribus
1271 1667 1364 1704 victi
1395 1668 1500 1705 ultro

182 1729 380 1766 inferrent
407 1740 531 1772 arma,
560 1726 712 1772 Poenis,
741 1726 843 1775 quod
871 1727 1035 1776 superbe
1066 1739 1263 1776 avareque
1294 1728 1497 1765 crederent

183 1791 456 1839 imperitatum
483 1788 598 1824 victis
624 1800 715 1824 esse.
772 1788 807 1825 4.
839 1788 962 1824 Fama
990 1792 1050 1824 est
1077 1789 1199 1824 etiam
1228 1789 1496 1827 Hannibalem

182 1863 378 1888 annorum
397 1848 520 1885 ferme
539 1862 677 1885 novem
707 1849 910 1898 pueriliter
929 1848 1195 1885 blandientem
1214 1851 1320 1898 patri
1340 1851 1460 1886 Hami
1467 1852 1496 1886 1-

183 1911 278 1957 cari,
298 1915 345 1947 ut
376 1910 583 1946 duceretur
601 1910 643 1945 in
664 1910 911 1958 Hispaniam,
931 1923 1018 1946 cum
1037 1910 1210 1958 perfecto
1243 1910 1379 1947 Africo
1399 1911 1498 1948 bello

183 1972 399 2010 exercitum
435 1982 479 2006 eo
514 1970 753 2006 traiecturus
788 1971 1037 2017 sacrificaret,
1072 1971 1265 2008 altaribus
1296 1971 1497 2008 admotum

183 2033 300 2070 tactis
318 2032 438 2068 sacris
459 2031 543 2067 iure
561 2029 727 2066 iurando
760 2030 945 2067 adactum
964 2043 1016 2078 se,
1036 2043 1125 2068 cum
1156 2033 1328 2080 primum
1356 2038 1495 2081 posset,

184 2097 334 2134 hostem
354 2095 438 2131 fore
456 2094 598 2143 populo
614 2093 805 2131 Romano.
849 2095 883 2132 5.
914 2095 1130 2144 Angebant
1148 2096 1319 2144 ingentis
1337 2097 1498 2146 spiritus

183 2163 315 2198 virum
344 2159 474 2196 Sicilia
502 2157 759 2206 Sardiniaque
786 2158 978 2196 amissae:
1006 2171 1100 2195 nam
1118 2163 1160 2196 et
1189 2160 1360 2196 Sicih'am
1378 2160 1496 2197 nimis

184 2222 299 2258 celeri
327 2219 596 2269 desperatione
627 2230 759 2254 rerum
795 2231 1024 2264 concessam,
1062 2223 1103 2256 et
1135 2220 1356 2257 Sardiniam
1392 2221 1496 2257 inter

184 2285 336 2318 motum
354 2280 518 2317 Africae
536 2278 675 2315 fraude
694 2278 963 2316 Romanorum
980 2280 1173 2329 stipendio
1191 2281 1311 2318 etiam
1338 2281 1496 2330 insuper

184 2345 353 2394 inposito
372 2344 641 2391 interceptam.

242 2410 329 2435 ΜΠ
349 2411 427 2436 xxi.
451 2400 563 2436 1-30.
835 2410 856 2437 c
