1679 2553
165 203 218 240 28
723 213 829 249 LIVY,
859 213 940 242 XXI.

167 304 528 353 subsistere—quid
545 304 662 353 Alpis
680 304 790 341 aliud
812 317 893 341 esse
921 304 1121 341 credentes
1147 316 1265 353 quam
1294 304 1489 341 montium

166 366 423 403 altitudines?
479 366 513 403 7.
544 366 761 415 Fingerent
787 366 948 402 altiores
976 365 1170 414 Pyrenaei
1196 366 1298 415 iugis
1310 378 1321 412 3
1358 364 1490 401 nullas

166 426 341 476 profecto
388 430 516 464 terras
562 427 715 464 caelum
763 427 990 476 contingere
1037 439 1108 463 nee
1158 425 1490 476 inexsuperabiles

166 488 342 524 humano
369 488 505 537 generi
532 500 624 525 esse.
680 487 796 536 Alpis
823 487 981 536 quidem
1009 487 1186 524 habitari
1212 488 1295 534 ooli,
1329 487 1490 536 gignere

165 552 288 597 atque
303 548 410 585 alere
434 549 673 595 animantes3
693 549 847 597 pervias
871 549 1006 597 paucis
1024 561 1116 594 esse,
1136 548 1292 597 pervias
1315 546 1490 585 exerciti-

165 609 249 645 bus.
307 610 342 646 8.
373 609 451 646 Eos
474 610 588 658 ipsos,
625 621 723 658 quos
749 612 927 655 cernant,
955 609 1106 658 legatos
1138 622 1217 646 non
1243 608 1375 659 pinnis
1403 608 1490 644 sub-

166 669 259 706 lime
287 670 411 707 elatos
434 670 552 720 Alpis
574 673 848 719 transgressos.
904 670 968 707 Ne
994 670 1160 706 maiores
1178 670 1336 719 quidem
1354 681 1490 706 eorum

165 731 384 781 indigenas,
422 732 487 769 sed
524 732 694 768 advenas
730 731 875 768 Italiae
912 731 1081 768 cultores
1116 731 1189 768 has
1224 731 1329 780 ipsas
1373 730 1491 779 Alpis

165 793 394 842 ingentibus
436 805 552 842 saepe
594 792 818 842 agminibus
863 805 952 829 cum
996 793 1128 829 liberis
1171 806 1216 829 ac
1260 791 1491 841 coniugibus

166 855 425 903 migrantium
463 853 576 891 modo
612 857 702 890 tuto
746 853 1018 891 transmisisse.
1096 853 1129 892 9.
1163 853 1288 890 Militi
1332 852 1487 902 quidem

165 918 320 951 armato
340 915 440 951 nihil
459 927 587 951 secum
607 917 766 963 praeter
792 914 1061 950 instrumenta
1088 914 1181 950 belli
1199 914 1378 963 portanti
1398 912 1490 962 quid

166 976 323 1014 invium
342 981 415 1013 aut
442 976 755 1025 inexsuperabile
782 978 887 1013 esse?
943 976 1167 1025 Saguntum
1195 979 1242 1012 ut
1268 978 1490 1025 caperetur,

166 1038 260 1086 quid
279 1051 350 1087 per
368 1042 455 1075 octo
473 1050 624 1074 menses
643 1037 816 1086 periculi,
837 1036 930 1085 quid
948 1036 1093 1073 laboris
1120 1037 1357 1073 exhaustum
1385 1037 1490 1072 esse'.z

169 1100 229 1136 10.
269 1099 452 1146 Romam,
490 1102 611 1148 caput
642 1098 747 1135 orbis
774 1101 985 1143 terrarum,
1023 1098 1250 1146 petentibus
1282 1097 1490 1146 quicquam

166 1160 262 1197 adeo
294 1173 476 1210 asperum
510 1164 631 1209 atque
658 1159 827 1196 arduum
860 1158 995 1204 videri,
1016 1158 1119 1207 quod
1149 1158 1350 1207 inceptum
1368 1170 1491 1195 more-

165 1223 260 1259 tur?
319 1223 379 1260 11.
419 1222 574 1270 Cepisse
610 1220 809 1270 quondam
847 1219 981 1256 Gallos
1017 1232 1076 1266 ea,
1113 1232 1215 1269 quae
1252 1219 1351 1256 adiri
1382 1230 1492 1268 posse

167 1283 323 1320 Poenus
341 1284 518 1332 desperet
533 1296 540 1320 :
570 1282 733 1331 proinde
751 1284 825 1317 aut
843 1281 1026 1317 cederent
1053 1281 1184 1318 animo
1202 1284 1324 1330 atque
1342 1280 1491 1318 virtute

167 1345 277 1394 genti
306 1358 376 1394 per
407 1358 471 1382 eos
500 1345 580 1382 dies
599 1345 745 1381 totiens
771 1343 823 1379 ab
852 1355 893 1379 se
922 1343 1061 1390 victae,
1089 1345 1163 1379 aut
1189 1342 1344 1379 itineris
1370 1342 1490 1379 finem

164 1410 326 1455 sperent
339 1419 522 1456 campum
533 1406 837 1443 interiacentem
851 1404 982 1441 Tiberi
1001 1417 1047 1441 ao
1065 1404 1268 1441 moenibus
1287 1402 1490 1440 Romanis.
