1679 2553
124 154 146 192 6
674 164 778 200 LIVY,
807 164 889 191 xxl.

122 254 263 304 legatis
298 254 340 291 in
376 258 555 291 senatum
593 254 825 292 introductis
856 254 903 291 de
929 267 972 291 re
999 254 1153 303 publica
1180 255 1438 302 rettulissent,

123 315 409 365 placuissetque
437 316 544 352 mitti
572 316 721 364 legatos
748 315 791 351 in
821 315 1057 364 Hispaniam
1084 315 1135 351 ad
1162 328 1224 352 res
1251 315 1439 352 sociorum

123 376 394 426 inspiciendaS,
451 376 487 412 4.
516 376 657 424 quibus
681 376 714 412 si
732 375 930 412 videretur
958 375 1075 424 digna
1102 388 1231 421 causa,
1260 380 1300 412 et
1329 376 1441 412 Han-

125 438 248 473 nibali
266 437 559 483 denuntiarent,
579 441 625 473 ut
643 437 692 472 ab
713 436 952 485 Saguntinis,
974 436 1081 472 sociis
1106 437 1238 485 populi
1258 436 1442 482 Romani,

125 499 354 544 abstineret,
383 501 423 534 et
452 498 733 547 Carthaginem
760 498 803 533 in
832 497 1010 534 Africam
1028 498 1243 534 traicerent
1262 510 1308 534 ac
1326 498 1445 534 socio-

126 572 217 595 rum
244 559 376 608 populi
412 559 583 595 Romani
620 558 882 608 querimonias
911 558 1213 605 deferrent,—5.
1243 558 1315 595 hac
1343 559 1445 607 lega-

127 620 235 657 tione
252 620 406 656 decreta
424 621 588 656 necdum
608 620 738 666 missa,
758 620 933 656 omnium
953 632 1020 668 spe
1038 620 1202 656 celerius
1222 620 1447 669 Saguntum

130 681 346 730 oppugnari
375 681 553 718 adlatum
586 685 654 718 est.
713 682 748 718 6.
777 682 886 718 Tunc
905 680 1032 717 relata
1052 681 1099 718 de
1126 682 1281 730 integro
1309 694 1371 718 res
1397 680 1446 717 ad

130 746 336 788 senatum3
363 746 403 778 et
440 742 508 778 alii
543 742 763 790 provincias
794 742 1014 778 consulibus
1053 743 1288 791 Hispaniam
1325 745 1451 791 atque

131 803 310 839 Africam
338 803 587 839 decernentes
618 806 727 839 terra
758 803 936 852 marique
964 815 1046 839 rem
1078 803 1289 852 gerendam
1321 815 1449 840 cense-

132 864 240 911 bant,
259 864 328 900 alii
345 867 474 900 totum
493 864 535 900 in
555 864 789 913 Hispaniam
816 864 1162 912 Hannibalemque
1190 864 1449 901 intendebant

133 925 299 972 bellum3
356 924 390 962 7.
419 929 545 971 erant,
566 925 731 973 quinon
749 928 896 961 temere
923 925 1154 961 movendam
1182 938 1265 961 rem
1293 928 1450 961 tantam

135 986 469 1036 expectandosque
487 998 536 1022 ex
555 986 752 1034 Hispania
779 986 931 1035 legatos
957 989 1170 1023 censerent.
1227 986 1340 1022 Haec
1367 998 1451 1022 sen-

134 1047 275 1092 tentia,
312 1060 413 1096 quae
448 1047 647 1083 tutissima
684 1047 904 1093 videbatur,
937 1047 1032 1083 vicit
1046 1060 1057 1093 3
1113 1047 1147 1083 8.
1177 1047 1376 1095 legatique
1407 1058 1457 1082 eo

136 1108 330 1145 maturius
345 1108 461 1153 missi,
478 1107 521 1145 P.
535 1107 721 1144 Valerius
736 1107 896 1144 Flaccus
910 1111 950 1143 et
965 1107 1010 1150 Q.
1027 1107 1195 1143 Baebius
1209 1107 1453 1156 Tamphilus,

139 1170 359 1219 Saguntum
378 1169 427 1205 ad
447 1169 715 1205 Hannibalem
743 1173 862 1217 atque
879 1168 970 1204 inde
1000 1168 1295 1218 Carthaginem,
1315 1169 1347 1205 si
1374 1181 1455 1205 non

138 1230 393 1266 absisteretur
412 1230 522 1276 bello,
543 1229 593 1266 ad
613 1229 749 1265 ducem
768 1229 897 1278 ipsum
915 1229 958 1265 in
976 1242 1143 1278 poenam
1163 1229 1328 1266 foederis
1346 1230 1458 1279 rupti

139 1291 432 1340 deposcendum.

194 1409 288 1447 VII.
317 1411 424 1446 Dum
443 1423 488 1447 ea
508 1410 676 1446 Romani
694 1413 841 1458 parant
864 1410 1178 1459 consultantque,
1197 1411 1276 1447 iam
1305 1410 1458 1459 Sagun·

142 1476 230 1509 tum
252 1484 405 1508 summa
426 1472 466 1507 vi
488 1471 802 1520 oppugnabatur.
860 1471 894 1507 2.
926 1471 1074 1507 Civitas
1096 1484 1142 1507 ea
1163 1471 1279 1520 longe
1301 1471 1460 1520 opulen-

142 1533 294 1570 tissima
315 1532 421 1568 ultra
441 1532 636 1568 Hiberum
655 1531 745 1576 fuit,
768 1532 846 1567 sita
867 1544 1003 1580 passus
1025 1532 1131 1568 mille
1154 1531 1276 1569 ferme
1298 1545 1322 1568 a
1344 1531 1457 1568 mari.

145 1593 311 1632 Oriundi
346 1606 371 1629 a
407 1593 610 1641 Zacyntho
645 1593 774 1629 insula
811 1592 1006 1637 dicuntur,
1035 1593 1226 1641 mixtique
1253 1593 1375 1629 etiam
1410 1592 1467 1628 ab

145 1655 277 1692 Ardea
309 1654 551 1691 Rutulorum
582 1653 741 1702 quidam
774 1653 948 1701 generis,
978 1654 1011 1690 3.
1045 1656 1220 1690 ceterum
1251 1654 1295 1690 in
1324 1657 1465 1690 tantas

145 1716 255 1753 brevi
269 1718 474 1752 creverant
488 1727 577 1764 opes
596 1727 662 1750 seu
681 1714 887 1750 maritimis
902 1726 969 1750 seu
986 1714 1239 1751 terrestribus
1253 1715 1461 1759 fructibus,

147 1790 215 1814 seu
237 1775 503 1812 multitudinis
525 1776 775 1820 incremento,
794 1787 862 1811 seu
887 1774 1112 1823 disciplinae
1137 1775 1361 1821 sanctitate,
1386 1788 1469 1824 qua.

149 1837 262 1875 fidem
274 1837 453 1873 socialem
468 1848 589 1884 usque
604 1835 653 1871 ad
673 1835 879 1884 perniciem
895 1848 1006 1872 suam
1021 1836 1238 1872 coluerunt.
1295 1836 1331 1872 4.
1353 1837 1466 1872 Han—

151 1898 260 1935 nibal
280 1897 422 1934 infesto
441 1897 615 1933 exercitu
630 1897 826 1945 ingressus
841 1896 936 1932 fines
951 1897 1186 1945 pervastatis
1201 1897 1346 1945 passim
1361 1897 1471 1946 agris

151 1960 288 1996 urbem
327 1958 527 2006 tripertito
566 1957 806 2006 adgreditur.
864 1958 898 1993 5.
933 1958 1118 2006 Angulus
1156 1959 1261 1994 muri
1299 1962 1387 1994 erat
1424 1958 1468 1994 in

152 2021 364 2071 planiorem
379 2019 714 2067 patentioremque
729 2031 848 2067 quam
867 2022 995 2054 cetera
1009 2019 1111 2055 circa
1129 2019 1273 2055 vallem
1291 2031 1470 2068 vergens>

153 2081 353 2119 Adversus
371 2093 459 2116 eum
479 2080 613 2116 vineas
637 2092 752 2128 agere
773 2080 960 2124 instituit,
986 2093 1055 2128 per
1079 2093 1177 2128 quas
1201 2080 1302 2116 aries
1326 2080 1469 2116 moeni-

154 2144 228 2180 bus
259 2142 456 2178 admoveri
487 2145 626 2190 posset.
683 2143 718 2178 6.
750 2142 822 2178 Sed
852 2145 898 2177 ut
928 2142 1034 2178 locus
1065 2142 1199 2190 procul
1231 2154 1342 2177 muro
1373 2141 1475 2177 satis

156 2216 273 2240 aecus
317 2202 475 2251 agendis
521 2203 643 2239 vineis
687 2202 777 2248 fuit,
823 2203 882 2238 ita
925 2202 1231 2251 haudquaquam
1276 2214 1469 2251 prospere,

158 2268 364 2314 postquam
384 2263 433 2299 ad
452 2263 632 2299 effectum
652 2264 776 2312 operis
795 2267 957 2299 ventum
977 2267 1047 2309 est,
1067 2263 1211 2311 coeptis
1229 2262 1470 2299 succedebat.

161 2325 198 2363 7.
236 2325 290 2361 Et
318 2324 439 2360 turris
468 2324 605 2372 ingens
641 2324 870 2369 inminebat,
902 2327 942 2360 et
971 2336 1119 2369 murus,
1150 2326 1197 2360 ut
1224 2323 1267 2360 in
1295 2326 1474 2372 suspecto
