1679 2553
706 203 831 235 LIVY
854 204 956 236 XXI.

215 342 268 372 21.
293 341 481 381 Translate,
500 342 583 374 with
599 344 694 374 notes
710 353 752 373 on
767 343 826 373 the
842 346 965 383 syntax
981 342 1019 374 of
1030 342 1139 373 words
1154 342 1191 373 in
1207 342 1318 374 italics
1330 355 1382 374 :—

260 404 304 445 (a)
330 404 570 436 Postulabatur
588 430 595 436 .
615 429 623 436 .
643 430 650 437 .
668 405 717 436 ibi
732 405 924 436 habitarent
940 405 998 436 ubi
1014 405 1148 436 Poenus
1164 407 1319 436 iussisset.

262 467 305 508 (b)
331 468 415 499 Cum
433 468 545 499 omnia
560 470 688 499 victoris
704 468 782 499 sint.

263 530 302 571 (c)
331 531 443 562 Octavo
458 541 558 562 mense
572 542 665 571 quam
681 534 835 572 cocptum
853 531 1054 572 oppugnari.

258 592 306 634 (d)
331 593 506 625 Sociorum
521 593 746 634 quadraginta
762 594 856 625 milia
868 595 1011 632 peditum
1027 594 1189 634 quattuor
1210 592 1305 625 milia
1331 595 1365 624 et
1387 593 1491 633 quenl-

385 637 537 677 ringenti
563 639 706 676 equites:
739 648 842 668 naves
873 637 1037 668 ducentae
1069 637 1194 678 viginti
1221 637 1489 676 quinqueremes,

386 680 513 711 celoces
537 680 663 721 viginti
689 681 823 711 deducti.
880 681 995 710 Latum
1023 680 1102 711 inde
1126 680 1168 711 ad
1192 680 1355 723 populum
1382 682 1491 712 vellent

383 724 524 754 iuberent
539 724 664 765 populo
680 723 954 765 Carthaginiensi
969 723 1095 755 bellum
1110 723 1225 756 indici.

263 784 301 827 (e)
327 784 440 816 Naves
458 787 577 825 Zonqae.

251 846 302 889 (f)
329 847 460 879 Foedus
476 850 545 880 icit.

257 911 302 952 (q)
327 911 404 942 Etsi
419 911 530 953 priore
546 911 676 944 foedere
692 916 844 943 staretur.

257 974 304 1015 (h)
330 973 475 1005 Proinde
510 978 569 1006 aut
600 977 736 1006 cederent
769 974 877 1007 Gallis
907 974 1020 1006 animo
1051 976 1085 1006 et
1115 974 1242 1007 virtute
1271 976 1331 1007 aut
1361 974 1491 1006 itineris

385 1018 488 1091 {nem
514 1023 636 1066 sperent
660 1029 814 1061 campum
837 1019 1092 1050 interiacentem
1117 1019 1233 1050 Tiberi
1257 1029 1295 1050 ac
1318 1018 1492 1050 moenibus

418 1071 559 1093 omams.

213 1163 267 1193 22.
293 1162 379 1194 Give
391 1163 449 1193 the
465 1162 623 1204 ordinary
634 1163 724 1194 rules
737 1163 787 1194 for
799 1163 996 1204 expressing
1011 1164 1124 1193 motion
1144 1167 1172 1193 to
1188 1162 1255 1194 and
1262 1163 1351 1202 from
1368 1165 1487 1198 towns,

168 1205 350 1244 countries,
370 1205 436 1236 and
452 1205 590 1237 islands.
647 1207 741 1238 State
768 1206 796 1237 if
820 1217 889 1247 any
913 1206 948 1237 of
974 1207 1032 1237 the
1054 1206 1231 1247 following
1253 1216 1411 1247 passages
1434 1217 1491 1237 are

166 1247 390 1297 inconsistent
417 1249 501 1280 with
527 1250 621 1280 these
645 1249 747 1288 rules,
780 1249 847 1280 and
874 1249 1011 1290 explain
1037 1250 1095 1281 the
1121 1249 1212 1281 force
1238 1249 1274 1281 of
1300 1250 1381 1282 each
1411 1259 1487 1291 prc-

166 1295 315 1333 position
329 1304 382 1323 :—

254 1355 300 1396 (a)
324 1355 482 1386 Effusum
497 1366 619 1396 agmen
635 1357 677 1385 ad
692 1355 863 1386 Mutinam
879 1355 983 1387 ducit.

257 1417 300 1460 (b)
325 1418 384 1448 Ad
397 1417 489 1449 mille
506 1418 693 1459 octingenti,
710 1419 795 1450 caesi
811 1420 903 1450 sunt.

259 1481 298 1522 (c)
324 1481 381 1513 Ibi
396 1491 430 1512 se
446 1481 657 1513 munimento
673 1483 716 1512 ad
729 1484 861 1522 tempus
877 1482 1089 1512 tutabantur.

254 1545 301 1586 (d)
326 1544 471 1577 Oriundi
486 1555 506 1575 a
522 1544 699 1585 Zacyntho
716 1544 838 1575 insula.

260 1607 299 1648 (e)
323 1607 377 1638 Ne
392 1607 484 1638 nuda
499 1609 681 1648 apertaque
697 1606 858 1638 Romanis
875 1606 993 1638 Africa
1009 1607 1047 1637 ab
1065 1606 1178 1638 Sicilia
1195 1607 1292 1638 esset.

249 1671 300 1712 (f)
324 1671 397 1702 Nec
419 1670 616 1701 stricturum
639 1673 718 1702 ante
741 1670 904 1711 gladium,
930 1671 958 1702 si
975 1681 1036 1709 per
1059 1670 1175 1702 Gallos
1199 1670 1310 1709 liceat,
1328 1680 1429 1711 quam
1451 1672 1486 1701 in

383 1714 521 1745 Italiam
536 1714 694 1746 venisset.

253 1777 297 1819 (q)
323 1776 534 1809 Crescentem
550 1778 584 1807 in
600 1776 670 1808 dies
686 1776 938 1808 multitudinem
954 1776 1101 1808 arcebat.

208 1881 261 1910 23.
287 1878 436 1919 Explain
450 1879 509 1910 the
523 1877 700 1919 following
715 1878 829 1909 moods
844 1877 913 1909 and
927 1887 1017 1909 cases
1030 1889 1085 1910 :—

253 1942 298 1983 (a)
324 1942 421 1973 Ratis
435 1941 538 1982 longa
547 1942 640 1979 pedes
655 1945 786 1972 centum.

254 2005 296 2047 (b)
321 2005 435 2044 Equos
451 2006 490 2035 ut
505 2003 672 2044 extemplo
695 2014 827 2045 egresso
849 2004 886 2035 in
908 2004 1015 2045 ripam
1042 2003 1150 2045 equiti
1173 2005 1244 2035 usui
1268 2007 1389 2043 essent,
1415 2007 1480 2036 im-

378 2048 560 2088 posuerant
576 2047 611 2078 in
628 2057 741 2078 naves.

257 2111 295 2152 (c)
322 2109 490 2149 Cognovit
506 2109 588 2140 satis
603 2109 718 2141 mitem
736 2111 873 2150 gentem
888 2119 957 2140 non
972 2109 1044 2140 fore
1059 2109 1095 2140 ni
1113 2109 1255 2141 subinde
1275 2120 1367 2148 auro,
1388 2110 1483 2141 cuius

376 2153 570 2184 avidissima
585 2163 668 2193 gens
683 2157 739 2191 est,
758 2153 949 2194 principum
963 2152 1069 2184 animi
1085 2154 1300 2184 concilientur.

250 2215 295 2258 (d)
319 2217 468 2247 Tantum
483 2214 624 2246 terroris
640 2215 792 2246 fecerunt
806 2218 845 2247 ut
865 2215 931 2256 ipsi
950 2215 1123 2247 triumviri
1145 2215 1290 2247 Romani
1311 2215 1483 2247 Mutinam

376 2259 587 2298 cotzficqerint.

253 2320 294 2363 (e)
319 2320 417 2352 Nihil
433 2331 512 2352 sane
527 2320 752 2363 trepidabant,
768 2320 871 2352 donec
884 2320 1072 2352 continenti
1086 2320 1177 2352 velut
1188 2323 1290 2361 ponte
1302 2324 1479 2361 afferentur.
