1679 2553
680 206 744 232 CH.
774 205 868 240 XV1.,
896 204 994 229 xvn.
1460 195 1506 230 15

184 305 237 340 ab
264 302 411 340 excidio
439 299 755 350 opulentissimae
774 298 893 343 urbi-s,
914 297 1111 333 Hiberum
1136 297 1331 342 transire;
1363 298 1396 335 6.
1426 302 1507 334 tra-

185 365 278 401 here
305 376 434 400 secum
466 366 527 398 tot
567 360 711 397 excitos
744 359 1016 406 Hispanorum
1046 359 1231 408 populos;
1259 359 1507 396 conciturum

184 426 320 462 avidas
346 436 497 472 semper
524 434 724 459 armorum
750 420 920 457 Gallicas
946 427 1093 468 gentes.
1146 420 1245 457 Cum
1264 420 1356 456 orbe
1384 424 1507 457 terra-

186 500 276 524 rum
303 486 450 522 bellum
468 483 682 533 gerendum
709 482 752 518 in
771 482 894 518 Italia
913 494 959 518 ac
987 495 1057 530 pro
1086 482 1288 518 moenibus
1316 481 1507 519 Romanis

182 560 277 585 eSSe.

237 668 365 707 XVII.
394 669 436 705 N
437 668 634 705 ominatae
653 667 732 704 iam
748 671 867 703 antea
886 667 1108 704 consulibus
1128 666 1351 715 provinciae
1369 670 1505 710 erant3

183 734 271 767 tum
307 730 439 767 sortiri
474 729 580 765 iussi.
637 729 816 765 Cornelio
854 729 1062 776 Hispania,
1103 728 1330 776 Sempronio
1368 727 1506 764 Africa

182 805 273 828 cum
294 791 428 827 Sicilia
447 791 590 828 evenit.
642 792 677 827 2.
708 790 785 827 Sex
803 789 846 826 in
865 803 955 826 eum
968 802 1119 826 annum
1140 790 1318 826 decretae
1336 789 1506 838 legiones

183 856 224 889 et
242 854 386 889 socium
405 856 599 901 quantum
619 852 711 901 ipsis
728 852 940 897 videretur,
962 856 1002 888 et
1030 851 1162 887 classis
1189 854 1343 899 quanta
1370 851 1506 899 parari

184 917 322 963 posset.
379 914 413 950 3.
444 915 642 957 Quattuor
661 917 702 950 et
720 913 863 961 viginti
892 913 1068 961 peditum
1098 912 1369 949 Romanorum
1396 912 1506 949 milia

180 975 329 1023 scripta
365 978 406 1011 et
435 974 541 1010 mille
573 974 790 1023 octingenti
826 975 989 1023 equiteS‚
1020 974 1210 1010 sociorum
1240 973 1506 1022 quadraginta

183 1037 293 1072 milia
327 1036 505 1085 peditum
541 1039 733 1084 quattuor
776 1036 885 1072 milia
928 1040 968 1071 et
1011 1035 1288 1084 quadringenti
1329 1035 1480 1084 equites
1493 1049 1504 1082 3

183 1110 305 1133 naves
335 1097 526 1133 ducentae
563 1097 706 1145 viginti
735 1098 1048 1146 quinqueremes,
1085 1097 1227 1134 celoces
1262 1097 1406 1146 viginti
1443 1098 1506 1134 de-

183 1159 302 1195 ducti.
358 1160 393 1194 4.
424 1159 571 1194 Latum
591 1159 680 1195 inde
699 1159 749 1195 ad
768 1160 967 1208 populum,
988 1160 1135 1196 vellent
1160 1160 1343 1196 iuberent
1362 1160 1505 1208 populo

182 1219 503 1267 Carthaginiensi
522 1219 666 1255 bellum
686 1219 824 1266 indici3
844 1220 1002 1269 eiusque
1024 1220 1114 1256 belli
1133 1233 1251 1257 causa
1268 1221 1505 1269 supplicatio

183 1293 254 1329 per
289 1281 427 1316 urbem
463 1280 601 1316 habita
637 1284 758 1329 atque
788 1281 943 1317 adorati
975 1281 1025 1327 di,
1057 1285 1103 1317 ut
1134 1282 1233 1318 bene
1263 1294 1309 1318 ac
1335 1282 1504 1319 feliciter

180 1342 359 1378 eveniret
376 1341 479 1390 quod
501 1342 643 1378 bellum
670 1343 836 1390 populus
864 1342 1067 1379 Romanus
1085 1343 1269 1380 iussisset.
1325 1343 1361 1380 5.
1390 1343 1505 1380 Inter

183 1403 358 1439 consules
376 1403 434 1439 ita
453 1403 585 1451 copiae
604 1403 773 1441 divisae:
804 1404 1032 1452 Sempronio
1060 1403 1178 1440 datae
1204 1404 1374 1453 legiones
1403 1404 1504 1441 duae

181 1476 283 1500 —ea
309 1468 504 1512 quaterna
533 1464 641 1500 milia
668 1468 785 1500 erant
812 1465 989 1513 peditum
1017 1469 1058 1502 et
1084 1466 1233 1502 treceni
1259 1466 1505 1515 equites—et

179 1526 370 1562 sociorum
399 1526 563 1562 sedecim
596 1525 706 1562 milia
736 1526 924 1574 peditum,
955 1527 1105 1575 equites
1133 1527 1240 1563 mille
1271 1527 1502 1576 octingenti,

184 1598 303 1622 naves
320 1586 460 1635 longae
480 1590 637 1622 centum
657 1587 878 1635 sexaginta,
898 1586 1041 1623 celoces
1070 1587 1280 1624 duodecim.
1338 1588 1372 1625 6.
1402 1588 1503 1625 Cum

182 1647 246 1683 his
263 1647 515 1684 terrestribus
542 1648 828 1697 maritimisque
855 1648 971 1696 copiis
998 1649 1054 1684 Ti.
1085 1649 1337 1698 Sempronius
1364 1650 1505 1686 missus

183 1709 226 1744 in
246 1709 429 1754 Siciliam,
448 1709 508 1745 ita
535 1708 577 1745 in
603 1708 784 1745 Africam
812 1710 1126 1756 transmissurus,
1154 1711 1188 1747 si
1214 1710 1265 1747 ad
1292 1711 1504 1748 arcendum

186 1769 307 1806 Italia
326 1769 501 1806 Poenum
521 1769 654 1806 consul
681 1770 783 1807 alter
810 1771 907 1807 satis
934 1775 1045 1808 esset.
1103 1770 1138 1810 7.
1168 1772 1347 1809 Cornelio
1373 1773 1504 1810 minus

182 1831 383 1878 copiarum
402 1829 552 1875 datum,
573 1830 664 1878 quia
683 1830 728 1867 L.
750 1830 927 1867 Manlius
945 1836 1104 1880 praetor
1123 1836 1164 1869 et
1181 1832 1264 1882 ipse
1288 1845 1377 1870 cum
1396 1833 1502 1870 haud

184 1891 354 1927 invalido
374 1891 565 1939 praesidio
583 1891 626 1928 in
645 1891 817 1928 Galliam
835 1893 1094 1940 mittebatur3
1141 1894 1177 1931 8.
1206 1894 1368 1931 navium
1395 1907 1503 1932 max-

183 1949 261 1986 ime
280 1948 457 1985 Cornelio
476 1961 662 1986 numerus
689 1949 941 1987 deminutus:
970 1952 1177 2000 sexaginta
1204 1953 1505 2002 quinqueremes

182 2011 481 2058 datae—neque
523 2010 628 2046 enim
668 2011 770 2046 mari
806 2015 1019 2048 venturum
1057 2016 1130 2049 aut
1165 2025 1212 2050 ea
1257 2018 1372 2062 parte
1412 2015 1503 2051 belli

182 2072 462 2108 dimicaturum
482 2070 631 2108 hostem
651 2071 956 2109 credebant—et
975 2073 1075 2110 duae
1103 2074 1308 2112 Romanae
1334 2075 1503 2124 legiones

183 2145 274 2169 cum
302 2145 370 2169 suo
401 2132 504 2168 iusto
537 2132 719 2181 equitatu
737 2136 778 2170 et
795 2135 1110 2182 quattuordecim
1138 2135 1295 2172 milibus
1313 2137 1503 2174 sociorum

185 2193 370 2243 peditum,
390 2192 587 2242 equitibus
615 2193 720 2229 mille
757 2195 948 2240 sescentis,
978 2195 1074 2231 duas
1102 2195 1271 2244 legiones
1303 2196 1505 2234 Romanas

182 2258 225 2291 et
243 2254 373 2291 decem
401 2254 510 2290 milia
537 2254 727 2291 sociorum
755 2255 942 2303 peditum,
973 2256 1080 2292 mille
1106 2257 1258 2305 equites
1284 2258 1403 2295 socios
1429 2271 1504 2295 ses-

183 2319 316 2352 centos
336 2316 534 2352 Romanos
561 2315 693 2352 Gallia
720 2316 920 2365 provincia
948 2317 1080 2354 eodem
1099 2330 1213 2356 versa
1239 2319 1282 2355 in
1310 2318 1505 2357 Punicum

186 2376 330 2414 bellum
349 2376 504 2416 habuit.
