1679 2553
644 185 708 212 CH.
739 184 864 219 xxm,
892 184 982 210 xxx.
1426 172 1478 208 ‘27

153 290 289 316 omnes
320 277 501 324 Romani,
533 277 599 313 sed
626 289 719 326 pars
747 275 964 320 Gallorum,
995 274 1091 311 victi
1120 274 1290 322 amplius
1318 273 1478 310 ducenti

153 339 390 377 ceciderunt.
446 338 482 375 4.
512 338 600 374 Hoc
635 336 872 386 principium
908 336 1025 372 simul
1061 347 1254 385 omenque
1298 334 1390 372 belli
1431 338 1478 371 ut

154 413 331 437 summae
348 413 482 437 rerum
499 411 729 448 prosperum
748 401 947 444 eventum,
966 397 1026 433 ita
1054 397 1162 433 haud
1180 409 1272 434 sane
1300 397 1479 434 incruen-

154 465 241 498 tam
267 460 527 510 ancipitisque
556 459 782 496 certaminis
809 459 1015 494 victoriam
1043 458 1235 495 Romanis
1262 457 1476 507 portendit.

156 524 191 560 5.
221 522 283 560 Ut
302 535 345 560 re
370 523 429 559 ita
456 526 567 571 gesta
594 521 644 558 ad
671 524 886 569 utrumque
913 521 1049 556 ducem
1077 520 1138 556 sui
1164 520 1378 566 redierunt,
1407 532 1478 556 nec

157 584 327 633 Scipioni
346 588 452 620 stare
466 583 661 620 sententia
675 585 846 631 poterat,
862 581 937 617 nisi
952 585 997 617 ut
1012 594 1061 618 ex
1075 581 1243 617 consiliis
1256 581 1481 631 coeptisque

155 645 278 682 hostis
295 649 336 682 et
354 646 434 694 ipse
448 648 612 682 conatus
625 647 795 693 caperet,
833 642 905 694 (6.)
925 647 965 680 et
981 643 1252 679 Hannibalem
1270 643 1478 688 incertum,

155 710 293 743 utrum
320 709 500 755 coeptum
527 706 570 741 in
599 704 1014 757 Italiamlintenderet
1042 704 1129 749 iter,
1151 717 1203 740 an
1222 717 1311 740 cum
1334 717 1390 750 eo,
1411 704 1481 753 qui

154 768 306 817 primus
323 779 364 804 se
382 767 588 804 obtulisset
617 767 821 803 Romanus
849 767 1055 812 exercitus,
1084 778 1226 802 manus
1245 770 1478 811 consereret,

155 829 304 865 avertit
322 841 346 865 a
364 828 563 879 praesenti
580 828 797 865 certamine
820 828 1007 863 Boiorum
1034 827 1257 876 legatorum
1277 827 1480 876 regulique

156 889 308 939 Magali
325 890 532 936 adventus,
551 889 619 938 qui
646 902 685 925 se
713 889 828 926 duces
855 889 1057 934 itinerum,
1077 889 1196 924 socios
1214 888 1379 937 periculi
1397 888 1480 925 fore

155 951 411 988 adfirmantes
455 951 610 1000 integro
645 951 758 996 bello,
798 963 993 999 nusquam
1030 953 1125 986 ante
1161 949 1295 986 libatis
1330 950 1482 986 viribus

155 1012 321 1049 Italiam
340 1012 645 1061 adgrediendam
665 1015 836 1049 censent.
895 1013 930 1050 7.
961 1011 1181 1048 Multitudo
1210 1012 1377 1048 timebat
1397 1011 1480 1060 qui—

156 1073 246 1110 dem
274 1073 427 1110 hostem
454 1073 630 1110 nondum
658 1073 889 1110 oblitterata
920 1073 1110 1109 memoria
1138 1074 1347 1122 superioris
1375 1073 1479 1119 belli,

155 1135 222 1172 sed
266 1135 391 1184 magis
431 1135 509 1171 iter
550 1135 772 1171 inmensum
814 1134 1019 1183 Alpisque,
1062 1146 1145 1171 rem
1188 1134 1297 1171 fama
1342 1135 1480 1183 utique

155 1195 372 1245 inexpertis
391 1196 642 1242 horrendam,
662 1196 875 1234 metuebat.

209 1313 330 1353 XXX.
359 1315 502 1364 Itaque
532 1315 752 1361 Hannibal,
782 1318 991 1365 postquam
1027 1315 1101 1366 ipsi
1137 1316 1336 1353 sententia
1368 1316 1482 1352 stetit

155 1389 317 1426 pergere
344 1377 402 1413 ire
429 1381 549 1425 atque
577 1377 741 1413 Italiam
769 1380 914 1425 petere,
945 1376 1136 1413 advocata
1161 1378 1341 1414 contione
1371 1378 1481 1414 varie

155 1438 328 1475 militum
340 1442 473 1475 versat
486 1439 639 1475 animos
652 1439 881 1488 castigando
893 1439 1217 1488 adhortandoque
1232 1454 1240 1477 :
1289 1439 1323 1475 2.
1343 1439 1481 1475 mirari

155 1511 208 1546 se,
228 1499 392 1548 quinam
411 1503 569 1548 pectora
588 1512 740 1548 semper
759 1499 959 1549 impavida
971 1512 1111 1549 repens
1129 1504 1258 1536 terror
1275 1500 1481 1538 invaserit.

155 1559 233 1597 Per
267 1564 330 1597 tot
361 1573 486 1597 annos
514 1561 706 1597 vincentis
735 1573 800 1597 eos
829 1561 1025 1610 stipendia
1056 1561 1197 1607 facere,
1227 1574 1354 1611 neque
1387 1566 1482 1600 ante

157 1621 352 1671 Hispania
371 1622 584 1668 excessisse,
604 1634 725 1670 quam
750 1635 884 1659 omnes
911 1626 1124 1672 gentesque
1151 1626 1192 1660 et
1219 1626 1362 1669 terrae,
1383 1636 1482 1673 quas

155 1682 232 1719 duo
273 1682 426 1719 diversa
470 1684 598 1720 maria
644 1684 949 1733 amplectantur,
988 1684 1378 1733 Carthaginiensium
1424 1699 1479 1722 es-

155 1747 255 1780 sent.
313 1744 346 1781 3.
386 1744 620 1793 Indignatos
651 1745 800 1792 deinde,
834 1745 949 1794 quod,
987 1746 1223 1794 quicumque
1257 1747 1481 1795 Saguntum

155 1805 405 1851 obsedissent,
440 1806 550 1842 velut
580 1806 629 1843 ob
661 1820 806 1843 noxam
839 1808 912 1843 sibi
942 1807 1029 1843 dedi
1066 1808 1285 1856 postularet
1314 1808 1482 1857 populus

155 1865 372 1912 Romanus,
395 1867 591 1904 Hiberum
609 1869 807 1905 traiecisse
836 1869 886 1905 ad
915 1869 1124 1906 delendum
1144 1882 1287 1906 nomen
1307 1869 1481 1906 Roman-

154 1939 268 1964 orum
304 1927 630 1977 liberandumque
665 1931 799 1967 orbem
837 1934 1050 1968 terrarum.
1125 1931 1159 1969 4.
1192 1931 1294 1967 Tum
1330 1931 1481 1968 nemini

154 1988 282 2025 visum
301 1988 340 2025 id
358 1989 533 2038 longum,
552 2002 642 2026 cum
661 1992 712 2027 ab
731 2004 867 2028 occasu
881 1992 970 2028 solis
982 1992 1032 2028 ad
1051 1997 1209 2029 exortus
1227 1991 1482 2029 intenderent

153 2049 253 2097 iter3
309 2050 345 2087 5.
374 2063 490 2096 nunc,
520 2056 729 2100 postquam
762 2053 888 2090 multo
918 2053 1108 2090 maiorem
1140 2056 1295 2102 partem
1328 2053 1483 2090 itineris

154 2122 351 2148 emensam
386 2115 563 2158 cernant,
603 2112 854 2161 Pyrenaeum
890 2114 1038 2151 saltum
1074 2115 1182 2151 inter
1220 2114 1482 2151 ferocissimas

153 2175 291 2220 gentes
317 2176 562 2222 superatum,
591 2172 843 2221 Rhodanum,
863 2179 1025 2212 tantum
1053 2189 1222 2222 amnem,
1241 2178 1304 2211 tot
1322 2175 1485 2211 milibus.

153 2232 360 2270 Gallorum
391 2233 704 2283 prohibentibus,
735 2235 884 2272 domita
915 2237 1038 2273 etiam
1071 2237 1193 2286 ipsius
1229 2236 1403 2272 fluminis
1440 2235 1481 2271 vi

152 2294 377 2340 traiectum,
409 2294 452 2330 in
488 2299 696 2344 conspectu
730 2296 845 2345 Alpis
883 2297 1070 2344 habeant,
1098 2310 1270 2346 quarum
1307 2297 1480 2333 alterum

154 2354 261 2392 latus
301 2355 447 2392 Italiae
483 2356 547 2402 sit,
577 2355 649 2406 (6.)
676 2357 718 2392 in
754 2357 848 2406 ipsis
893 2358 1017 2407 portis
1057 2358 1230 2395 hostium
1285 2357 1482 2408 fatigatos
