1679 2553
727 202 791 229 cn.
822 202 889 237 1x.,
917 202 954 228 Χ.
1475 191 1497 226 9

176 293 315 331 dixisse
334 307 385 340 se,
407 308 456 331 ne
472 294 714 331 Hamilcaris
729 295 955 344 progeniem
971 294 1022 330 ad
1036 293 1253 330 exercitum
1267 291 1474 328 mitterent
1488 306 1498 335 ;

175 355 214 391 3.
243 368 322 391 non
350 368 496 401 manes,
516 369 596 392 non
623 355 786 403 stirpem
810 356 893 392 eius
920 355 1189 403 conquiescere
1211 353 1298 399 viri,
1317 364 1388 389 nec
1417 365 1499 388 um-

177 428 310 464 quam,
324 416 442 453 donec
455 416 659 464 sanguinis
670 416 914 465 nominisque
927 415 1085 452 Barcini
1096 415 1305 464 quisquam
1317 413 1498 462 supersit,

175 476 362 525 quietura
374 476 557 512 Romana
568 475 736 512 foedera.
778 476 813 512 4.
837 476 1058 512 “Iuvenem
1071 474 1307 524 flagrantem
1320 472 1502 522 cupidine

176 536 290 585 regni
309 537 492 585 viamque
511 549 634 573 unam
662 537 713 572 ad
732 537 773 572 id
801 541 1037 581 cernentem,
1059 536 1091 572 si
1116 548 1165 572 ex
1188 534 1299 571 bellis
1321 533 1423 570 bella
1446 545 1501 569 se-

176 599 297 636 rendo
314 600 533 636 succinctus
552 600 672 635 armis
690 599 983 647 legionibusque
1011 599 1132 644 vivat,
1157 597 1267 634 velut
1290 596 1500 633 materiam

176 660 260 708 igni
295 660 530 709 praebentes
560 660 611 696 ad
643 660 837 696 exercitus
868 660 1038 695 misistis.
1106 658 1276 694 Aluistis
1306 669 1398 706 ergo
1430 657 1502 693 hoc

175 720 411 766 incendium,
428 733 504 769 quo
518 733 624 757 nunc
642 721 798 756 ardetis.
857 721 891 756 5.
915 720 1139 767 Saguntum
1158 718 1281 755 vestri
1300 719 1502 754 circumse-

174 781 272 817 dent
300 782 504 828 exercitus,
533 782 636 818 unde
671 786 861 818 arcentur
890 781 1066 827 foedere3
1097 793 1188 817 mox
1218 779 1503 828 Carthaginem

173 842 512 879 circumsedebunt
544 842 746 879 Romanae
774 842 944 890 legiones
976 842 1139 878 ducibus
1168 840 1302 877 iisdem
1332 840 1402 886 dis,
1433 852 1504 888 per

177 914 273 951 quos
287 904 414 951 priore
430 903 529 939 bello
548 907 668 951 rupta
689 902 845 939 foedera
864 906 958 939 sunt
978 902 1063 938 ulti.
1123 902 1156 939 6.
1180 901 1332 938 Utrum
1350 900 1503 937 hostem

176 975 230 999 an
253 976 320 1000 vos
344 976 397 999 an
419 963 624 1000 fortunam
647 964 854 1011 utriusque
878 963 1011 1011 populi
1039 962 1256 1011 ignoratis?
1284 962 1435 1011 legatos
1452 961 1503 997 ab

174 1024 287 1061 sociis
304 1029 345 1061 et
364 1038 434 1073 pro
452 1026 562 1061 sociis
581 1025 783 1061 venientes
798 1026 922 1061 bonus
936 1025 1153 1072 imperator
1170 1027 1300 1060 vester
1315 1023 1357 1059 in
1372 1026 1504 1059 castra

178 1097 258 1121 non
272 1085 442 1131 admisit,
455 1085 516 1121 ius
529 1086 708 1134 gentium
723 1085 885 1121 sustulit
898 1099 907 1127 ;
928 1085 969 1120 hi
983 1089 1132 1131 tamen,
1147 1084 1252 1121 unde
1266 1096 1316 1120 ne
1330 1083 1503 1120 hostium

174 1146 333 1194 quidem
358 1146 480 1195 legati
505 1150 704 1191 arcentur,
729 1146 830 1195 pulsi
853 1146 904 1182 ad
928 1159 997 1182 nos
1023 1149 1243 1189 venerunt3
1272 1157 1334 1182 res
1355 1157 1404 1181 ex
1426 1143 1504 1180 foe—

175 1207 267 1243 dere
292 1211 502 1256 repetunt,
529 1211 576 1243 ut
603 1207 758 1255 publica
784 1207 895 1243 fraus
920 1208 1035 1253 absit,
1064 1211 1266 1243 auctorem
1294 1205 1434 1254 culpae
1463 1209 1504 1242 et

176 1280 289 1304 reum
316 1268 490 1305 criminis
515 1268 739 1317 deposcunt.
798 1267 831 1304 7.
862 1269 948 1312 Quo
968 1269 1094 1304 lenius
1111 1271 1250 1316 agunt,
1270 1267 1429 1316 segnius
1447 1267 1506 1303 in-

177 1328 341 1377 cipiunt,
357 1341 412 1375 eo,
425 1341 514 1365 cum
529 1330 741 1377 coeperint,
763 1341 898 1366 vereor
917 1342 966 1365 ne
979 1328 1298 1377 perseverantius
1310 1327 1502 1365 saeviant.

174 1389 343 1438 Aegatis
361 1389 510 1426 insulas
530 1390 773 1438 Erycemque
792 1393 886 1426 ante
902 1389 1030 1425 oculos
1046 1389 1262 1438 proponite,
1279 1401 1380 1438 quae
1394 1392 1505 1425 terra

176 1451 356 1499 marique
383 1463 453 1499 per
481 1455 672 1500 quattuor
691 1454 731 1487 et
759 1451 900 1500 viginti
927 1463 1052 1486 annos
1080 1450 1183 1499 passi
1201 1450 1297 1487 sitis.
1355 1450 1390 1486 8.
1420 1448 1460 1485 N
1464 1461 1506 1486 ec

177 1523 275 1559 puer
293 1511 355 1547 hic
374 1511 455 1548 dux
479 1516 578 1556 erat,
603 1512 670 1548 sed
695 1515 808 1560 pater
830 1511 911 1560 ipse
936 1511 1156 1557 Hamilcar,
1182 1510 1296 1547 Mars
1318 1510 1432 1556 alter,
1457 1513 1504 1547 ut

176 1571 243 1608 isti
262 1571 412 1608 volunt.
470 1572 546 1608 Sed
571 1572 756 1618 Tarento,
776 1571 816 1608 id
842 1576 901 1608 est
922 1572 1054 1617 Italia,
1082 1584 1161 1608 non
1184 1571 1506 1608 abstinueramus

174 1643 227 1667 ex
257 1631 422 1678 foedere,
454 1633 555 1669 sicut
573 1646 678 1668 nunc
699 1633 878 1681 Sagunto
908 1645 986 1668 non
1015 1633 1269 1669 abstinemus.
1327 1633 1361 1669 9.
1392 1632 1506 1668 Vice-

177 1695 275 1728 runt
293 1704 385 1741 ergo
404 1693 443 1729 di
462 1692 650 1739 homines,
670 1698 709 1730 et
728 1693 780 1739 id,
799 1692 845 1728 de
865 1705 942 1741 quo
962 1694 1090 1729 verbis
1108 1693 1395 1742 ambigebatur,
1416 1697 1506 1729 uter

179 1753 345 1801 populus
363 1752 498 1789 foedus
516 1754 698 1802 rupisset,
713 1758 879 1791 eventus
894 1753 985 1790 belli
1000 1754 1110 1790 velut
1125 1766 1241 1790 aecus
1255 1754 1384 1799 iudex,
1400 1753 1506 1790 unde

177 1814 240 1850 ius
257 1813 403 1859 stabat,
423 1814 459 1850 ei
477 1814 680 1850 victoriam
700 1814 816 1850 dedit.
876 1814 935 1850 10.
966 1814 1202 1862 Carthagini
1223 1827 1330 1851 nunc
1349 1815 1505 1850 Hanni-

179 1874 245 1911 bal
270 1875 405 1911 vineas
436 1878 643 1923 turresque
669 1874 852 1911 admovet
866 1887 876 1921 3
908 1875 1166 1924 Carthaginis
1193 1875 1346 1912 moenia
1372 1875 1506 1924 quatit

174 1936 322 1972 ariete:
357 1935 527 1984 Sagunti
558 1936 874 1972 ruinae—falsus
904 1937 1059 1972 utinam
1092 1940 1203 1973 vates
1233 1937 1506 1973 sim—nostris

174 1997 370 2045 capitibus
388 1996 576 2040 incident,
595 2001 898 2045 susceptumque
917 2010 1005 2033 cum
1027 1998 1258 2046 Saguntinis
1276 1997 1422 2034 bellum
1438 1997 1507 2033 ha-

179 2057 350 2094 bendum
365 2071 453 2093 cum
470 2057 660 2093 Romanis
674 2062 743 2094 est.
803 2058 863 2094 ll.
885 2058 1083 2094 Dedemus
1096 2071 1189 2108 ergo
1208 2058 1505 2095 Hannibalem(l

177 2119 280 2155 dicet
316 2118 468 2168 aliquis.
526 2118 611 2155 Scio
643 2131 772 2155 meam
808 2119 933 2156 levem
966 2132 1047 2156 esse
1082 2120 1126 2156 in
1154 2132 1200 2156 eo
1227 2120 1506 2156 auctoritatem

179 2184 339 2228 propter
357 2184 543 2228 paternas
564 2179 791 2216 inimicitias
803 2192 814 2226 ;
840 2180 906 2216 sed
934 2184 974 2217 et
1002 2181 1272 2217 Hamilcarem
1295 2192 1339 2217 eo
1362 2179 1506 2228 perisse

178 2239 352 2276 laetatus
379 2253 477 2286 sum,
504 2240 618 2289 quod,
648 2240 682 2276 si
707 2240 774 2277 ille
802 2240 963 2287 viveret,
994 2241 1141 2277 bellum
1164 2241 1246 2277 iam
1272 2240 1506 2276 haberemus

175 2313 267 2337 cum
286 2301 486 2346 Romanis,
507 2304 546 2337 et
574 2300 679 2337 hunc
699 2302 879 2337 iuvenem
899 2305 1105 2350 tamquam
1132 2300 1278 2337 furiam
1301 2299 1506 2349 facemque

179 2361 296 2398 huius
322 2361 415 2398 belli
441 2361 504 2398 odi
534 2374 578 2398 ac
611 2361 803 2408 detestor3
862 2361 920 2397 12.
951 2373 1022 2398 nec
1049 2361 1268 2398 dedendum
1295 2359 1422 2397 solum
1453 2359 1505 2396 ad
